2668 4454
158 209 161 216 ·
214 168 304 298 138
344 161 462 263 Vita
488 159 704 254 ueneno
735 151 957 246 Morem
989 139 1104 242 Filii.

203 345 330 428 pererra
363 325 534 419 divutguer
556 315 829 412 apportentment
842 312 887 382 ies
910 308 1067 380 dernieres
1088 329 1199 380 corre·

214 452 313 519 ttions
329 444 371 526 ὅ
386 441 600 538 supplements
616 428 710 502 dudit
724 429 834 520 prelat
844 420 909 519 sar
928 427 974 496 les
996 437 1103 494 autres
1119 437 1196 494 tra.

210 559 352 630 dunione
374 552 412 622 de
431 546 576 623 Diodore
595 543 740 631 Sintica,
766 533 951 624 Heliodare‚
977 535 1119 627 Longas,
1143 533 1196 604 0·

210 664 413 761 lympiadare,
436 655 620 752 Athanase,
645 649 687 730 Β
700 650 738 722 de
754 651 898 746 quelques
910 651 1074 743 tragiques
1089 646 1200 735 Greci,

211 803 269 874 qne
289 799 365 849 renas
375 791 551 867 preparans
567 768 605 838 de
629 779 744 838 mettre
760 757 837 857 snas
852 763 886 832 la
903 759 1019 851 preffe.

263 1001 372 1074 Hunc
396 996 502 1068 etiam
528 988 782 1064 emendatorem
809 983 846 1058 &
869 979 1106 1084 ptaelo&orem
1136 984 1199 1058 ha·

214 1115 363 1190 buerunt
380 1105 603 1184 OEcumenii
619 1102 657 1174 &
673 1097 818 1172 Arcthae
844 1119 957 1196 opera,
982 1118 1060 1193 quae
1079 1094 1200 1192 postea

214 1248 306 1300 anno
335 1231 445 1319 16310
470 1214 614 1292 Carolus
631 1207 800 1285 Metellus
820 1205 943 1281 emifit.

268 1335 325 1409 Ex
357 1335 410 1406 his
434 1331 518 1404 licet
541 1325 654 1400 metiri
676 1321 833 1396 Federici
851 1317 995 1392 Morelli
1014 1311 1202 1418 speuatam

215 1452 306 1522 inter
325 1442 476 1518 eruditos
493 1436 703 1526 debitionem,
721 1431 897 1505 literarum
910 1431 947 1502 in
965 1433 1061 1502 omni
1074 1453 1204 1528 genere

218 1559 391 1660 peritiam,
416 1551 541 1654 agilem
554 1545 764 1637 industriam,
788 1541 919 1618 labores
936 1539 1136 1634 exantlatos,
1162 1540 1204 1616 ὅτ

218 1672 331 1774 plures
357 1667 396 1762 (st
416 1661 555 1764 longius
572 1659 720 1749 vixillet)
747 1655 978 1730 exantlandos.

271 1787 367 1856 Inter
379 1779 514 1866 ultima,
528 1770 651 1872 quibus
664 1794 803 1843 manum
822 1768 991 1862 admovit,
1009 1795 1114 1872 opera
1132 1795 1207 1846 non

219 1890 294 1968 latis
308 1889 443 1966 laudare
458 1887 591 1986 polium
602 1907 688 1982 opus
708 1879 774 1977 (uti
790 1881 911 1971 vocat)
929 1885 1078 1983 regium,
1095 1884 1203 1960 Liba·

219 2004 268 2078 nii
284 1998 449 2075 volumen
465 1992 651 2070 secundum
666 1993 837 2066 orationes
848 1999 891 2089 3⁶
906 2015 987 2064 cum
1006 1992 1077 2065 aliis
1086 1995 1204 2093 paucis

218 2106 488 2188 enarrationibus
503 2101 750 2203 complectens,
774 2098 867 2199 quod
885 2099 951 2196 (uti
966 2104 1002 2176 in
1014 2105 1116 2203 ipfius
1132 2105 1204 2180 fine

220 2221 362 2324 legitur)
389 2217 492 2290 2kal.
523 2214 671 2292 Ossrobe
695 2214 775 2286 anni
806 2220 896 2286 1626
921 2211 1113 2290 absolutum
1142 2221 1206 2296 est.

222 2338 282 2415 Ex
308 2331 429 2432 quibus
457 2327 635 2402 codicibus
658 2325 769 2400 MSS.
794 2343 853 2398 aut
879 2323 992 2418 editis,
1016 2327 1054 2402 ὅ(
1076 2329 1204 2414 biblio.

223 2448 336 2524 thecis
350 2447 457 2519 varias
471 2443 542 2516 illas
556 2439 739 2530 orationes,
768 2434 942 2535 ecphrales
959 2438 997 2512 &
1008 2441 1208 2541 ethopoeias

227 2556 423 2654 collegerit,
453 2556 491 2626 in
520 2552 634 2628 indice
664 2547 813 2649 praefixo
838 2544 1012 2646 figillatim
1041 2550 1209 2628 letiorem

96 2705 98 2710 ·
226 2685 349 2748 monet
365 2665 563 2740 Federicus.
614 2663 648 2734 Is
666 2660 795 2761 grande
818 2657 902 2732 illud
924 2661 962 2733 &
978 2666 1208 2764 magnIficum

225 2803 313 2878 opus
329 2775 514 2850 Ludovico
534 2771 631 2844 XIII
649 2767 802 2844 inscribit
827 2769 971 2868 epistolii
988 2795 1210 2872 nuncupato-

81 2987 83 2992 ,
226 2892 303 2978 τίῆ)
329 2891 366 2963 in
382 2887 452 2988 qui
476 2884 609 2960 suerum
627 2883 837 2984 quarundam
855 2880 1131 2958 lucubrationum
1149 2911 1210 2964 ca·

225 2999 383 3096 talogum
399 2999 447 3073 fic
461 2995 623 3074 recenset.

274 3113 515 3212 *Quidni
527 3111 682 3186 nesGalli
698 3133 807 3207 regum
823 3107 1080 3202 nostrornmjnre
1092 3115 1208 3206 optimo

228 3213 438 3312 amantiffirni
469 3221 578 3293 ealdern
613 3225 685 3294 illos
707 3219 914 3315 observantia
942 3243 981 3292 ae
1003 3227 1209 3296 veneratione

231 3357 292 3406 nan
307 3332 487 3420 celeremus,
512 3351 691 3425 quacunque
700 3325 823 3418 stenen
838 3327 929 3400 mode
943 3329 1136 3423 peſjirmas?
1160 3335 1208 3406 E·

230 3442 357 3535 quidem
369 3441 461 3514 annis
477 3440 592 3511 abhinc
608 3461 669 3508 nen
684 3441 799 3530 paucis
816 3442 851 3510 in
863 3463 897 3510 ea
920 3459 1060 3534 operam,
1084 3465 1208 3534 carane,

223 3551 428 3650 stadinimqne
444 3553 529 3624 ultre
542 3549 677 3641 centuli,
701 3574 756 3622 ner
772 3548 861 3647 fani
872 3551 1040 3644 penitebit
1071 3552 1206 3648 (opiner)

230 3683 382 3754 unquam.
429 3661 617 3768 Enimvero·
631 3662 793 3756 praelndia
811 3657 1040 3760 primitiasque
1056 3666 1212 3757 'ingenioli

789 3777 791 3782 ’
968 3815 971 3822 »
1093 3775 1209 3848 Carula
