2682 4508
621 211 641 347 (
675 218 750 310 viii
788 205 807 345 )

223 371 360 464 officia
382 377 438 462 ita
469 373 713 490 dispertiam,
740 383 952 486 utramque
978 375 1034 457 ita
1055 373 1222 474 colam,

222 531 269 599 ut
287 537 420 626 neque
438 513 540 596 hanc
558 509 743 596 educasse
758 507 969 622 hospitem,
996 532 1071 592 nee
1091 509 1218 594 iiiam

221 643 398 758 genuisse
419 644 552 731 civem
573 648 797 760 poeniteam
825 643 1026 730 &neutra
1044 641 1097 726 de
1115 633 1216 726 fide

222 780 246 864 i
276 805 343 864 me
363 779 510 864 violati
537 788 820 894 conqueratur,

275 909 498 998 Fanum
509 941 544 997 n
564 911 859 1024 Stephanorum
887 913 929 998 in
946 935 991 997 re
1009 929 1213 1024 typogra-

219 1045 340 1158 phicb
360 1045 466 1161 apud
491 1045 631 1132 Galloi
659 1047 731 1132 diu
761 1045 971 1158 infignium
1002 1047 1065 1131 vir
1092 1049 1211 1132 int'er

220 1179 392 1267 Batavos
419 1183 703 1270 celeberrimus
742 1181 812 1269 fibi
848 1185 946 1268 olim
982 1182 1210 1295 sumpserat

220 1315 419 1429 epistolari
445 1315 718 1403 dissertatione
751 1318 1050 1432 explorandam.
1105 1315 1207 1401 Ma-

219 1450 376 1550 teriam,
402 1449 445 1536 in
467 1453 548 1566 qud
577 1445 782 1535 tradandi
810 1451 1041 1566 praeiverat,
1058 1453 1206 1565 ampli-

218 1585 361 1683 ficare;
385 1581 428 1670 dr
447 1611 634 1672 meorum
649 1586 904 1698 popularium
916 1586 1017 1671 vitan
1038 1587 1098 1694 (in
1110 1587 1203 1702 qui-

218 1723 293 1808 bus
315 1719 588 1807 describendis
608 1719 780 1806 Batavus
804 1723 903 1808 mibi
921 1724 1200 1836 praeripuerat,

218 1855 425 1940 ut'sorem
454 1856 585 1968 prior)
612 1877 688 1968 pro
713 1853 880 1939 infirmis
898 1851 1049 1940 viribus
1077 1839 1199 1941 fusrbs

216 1989 420 2104 prosequi,
446 1988 557 2073 annis
571 1985 652 2096 jam
669 1985 847 2098 pluribus
871 1988 1015 2075 abhinc
1035 1987 1197 2088 enodis,

218 2141 388 2210 conatus
418 2122 517 2210 sum.
651 2229 656 2238 ὑ

219 2283 222 2292 ’
272 2261 404 2348 Orus
423 2257 537 2356 illud,
565 2255 679 2374 quod
697 2281 771 2371 per
793 2259 977 2378 publicos
1001 2267 1193 2353 tumultus

217 2395 325 2481 inter
345 2395 552 2480 nationem
572 2401 786 2510 utramque
805 2397 1030 2483 concitatos
1052 2399 1193 2487 Ludo

215 2535 311 2620 vico
340 2524 444 2614 XIV
471 2528 556 2635 (eui
582 2528 653 2613 uni
679 2529 900 2640 literarium
922 2532 1086 2620 suorum
1105 2511 1192 2623 Ma·

211 2663 349 2782 jorum
367 2663 609 2752 famulitium
636 2664 701 2748 vel
725 2662 815 2773 jurd
837 2665 1095 2778 baereditario
1119 2667 1187 2755 de·

165 2787 169 2794 ’
214 2800 405 2909 bebatur)
444 2799 677 2912 nuncupare
706 2820 790 2884 non
815 2797 943 2899 licuit,
977 2804 1187 2914 patrocinii

212 2953 372 3048 expers·
390 2931 571 3048 prodivit
597 2933 640 3020 in
666 2935 819 3020 lucem:
849 2948 982 3050 neque
1011 2937 1122 3024 enim
1140 2965 1188 3023 ae·

216 3065 345 3187 quum
369 3065 469 3154 duod
488 3067 533 3154 in
557 3075 803 3181 quemquam
824 3069 951 3156 alium
966 3076 1187 3177 transferre,

208 3205 330 3326 'quod
369 3219 484 3289 tanto
525 3203 695 3289 Nomini
733 3199 1033 3295 destinaveram.
1087 3205 1186 3300 Pace

211 3332 382 3446 'tandem
409 3331 710 3450 auspicatiffimd
739 3333 828 3452 post
856 3339 1024 3456 longum
1058 3351 1185 3439 atrox·

209 3461 297 3585 qne
317 3463 467 3557 beilum
488 3467 602 3570 inita,
628 3473 845 3586 temptasse
863 3473 979 3563 dedit
996 3496 1183 3594 opportu·
1200 3587 1202 3592 Ι

214 3617 329 3714 num,
354 3597 439 3719 quo
455 3594 570 3704 Tibi,
597 3583 1024 3700 Pnuuunnssrun
1060 3607 1181 3708 Gan·

992 3779 1180 3846 uranon
