2682 4508
237 183 301 284 34
357 147 476 251 Vita
508 147 801 244 Guetee'nt
835 145 1109 244 Moneetr.

232 317 393 418 industrie
409 315 451 398 ss
469 320 505 389 ia
520 313 629 384 aliena
643 309 801 405 juvanda
816 315 866 382 rei
886 313 1045 384 literarie
1054 313 1231 413 sedulam,

232 431 388 526 quamdiu
405 428 509 516 vixit,
534 441 661 515 operam
677 425 834 493 navavit.
885 421 992 492 Anno
1015 437 1128 519 ¹544⁰
1144 430 1226 526 pri.

232 565 332 614 mum
349 539 397 612 sui
421 533 512 610 dedit
534 534 707 634 specimen
729 529 851 622 dusiis,
873 555 959 630 quos
978 531 1015 604 in
1039 531 1226 610 Ciceronis

233 653 339 724 libros
353 645 395 723 de
410 645 552 722 Finibus
568 645 756 746 scripserat,
780 647 1069 720 ‘commentariie
1123 649 1156 722 li
1174 673 1222 723 ex

108 849 112 862 1
228 761 371 856 Joannis
394 757 545 834 Lodoici
561 757 716 832 Tiletani
736 755 878 830 officinas
897 775 988 828 anno
1011 769 1117 854 15450
1134 779 1222 858 pro·

234 871 370 945 dienmt
398 869 534 966 Jacobo
569 867 739 968 Spisamio
771 863 962 942 Parisiensrs
991 866 1225 944 univerfitatis

234 981 439 1056 cancellario
456 982 645 1082 nuncupati
664 977 685 1053 i
705 978 874 1069 Morene,
897 977 956 1076 qui
977 982 1015 1050 in
1029 974 1088 1050 sui
1103 977 1145 1052 ad
1161 978 1220 1078 ip·
1319 1069 1320 1074 Ἰ

233 1091 306 1168 sum
325 1093 468 1196 epistolii
484 1114 599 1195 rogat,
624 1112 664 1166 ut
679 1092 740 1163 has
755 1091 890 1187 stearem
903 1089 1086 1186 studiorum
1095 1095 1217 1185 primi·

233 1209 301 1279 tias
321 1210 379 1281 vel
392 1208 501 1300 potiris
525 1221 647 1278 tereres
664 1203 767 1296 flores
781 1223 820 1274 ae
832 1205 956 1294 primos
972 1203 1216 1299 conatussusci·

226 1320 316 1411 piat.
365 1317 424 1392 Ex
440 1315 560 1392 eodem
584 1315 688 1390 etiam
712 1313 892 1410 comperio
908 1333 1003 1404 eum,
1025 1328 1064 1386 ut
1080 1316 1216 1386 videba-

233 1444 291 1500 tur
299 1429 378 1524 jam
391 1430 576 1504 Grecoram
588 1424 840 1523 institutionibus
858 1423 1007 1496 nonnihit
1019 1425 1217 1520 instruetur,

232 1541 426 1640 corrigendis
452 1539 753 1638 chalcographuum
776 1536 1010 1629 exemplaribus
1038 1535 1217 1625 aJoarne

233 1657 381 1726 Tiletano
398 1651 535 1725 librario
554 1650 786 1744 diligentiffimo
802 1662 873 1718 tum
888 1645 1015 1720 demum
1027 1647 1218 1745 prefectum

226 1757 344 1854 suiffe,
357 1767 487 1831 nauum
503 1757 630 1853 quidem
647 1758 817 1850 Spartam,
833 1779 929 1854 quam
942 1779 1057 1829 ornare
1068 1780 1129 1853 pro
1145 1761 1217 1856 dig-

234 1872 340 1940 nitate
359 1892 397 1941 re
414 1867 560 1941 dostrirei
584 1867 711 1964 quidem
727 1863 899 1964 plusquam
925 1867 1075 1940 mediocri
1095 1871 1217 1964 predi·

233 1979 288 2053 sus
300 1981 407 2074 pofflt.
456 1981 515 2056 Sic
532 1999 630 2053 antea
645 1977 858 2052 observatum
876 1976 925 2050 est
939 1977 1115 2052 Simonem
1142 1981 1217 2054 Co·

232 2092 375 2164 linaeum
387 2091 447 2166 sub
465 2094 622 2166 Henrico
640 2091 815 2192 Stephano
831 2091 945 2187 primo
964 2089 1001 2164 ὅ(
1016 2091 1217 2170 Robertum

233 2200 449 2304 Stephanum
464 2200 524 2276 sub
537 2203 678 2278 Simone
694 2199 856 2274 Colinaeo
868 2198 981 2275 secisse
992 2206 1214 2303 tyrocinium.

232 2308 375 2415 Infignc
390 2311 508 2414 postea
523 2313 613 2389 aliud
628 2311 696 2388 suae
712 2309 912 2388 eruditionis
927 2312 1093 2388 indicium
1109 2319 1217 2390 edidit

232 2423 271 2497 in
284 2427 498 2522 compendiosa
511 2427 550 2498 de
560 2442 706 2500 veteram
717 2423 974 2524 philosophorum
989 2433 1122 2526 origine,
1139 2429 1218 2530 sere-

233 2533 378 2627 cefflone,
414 2549 512 2634 etate
540 2537 654 2610 tabula
681 2562 721 2608 ex
750 2535 954 2631 Plutarcho,
986 2542 1124 2615 Laertie
1145 2542 1217 2623 &n

233 2643 384 2732 corleum
411 2668 489 2743 quae
514 2669 584 2746 quo
608 2642 762 2746 primum
787 2669 877 2719 anno
899 2641 916 2738 ξ
933 2645 976 2720 ab
1001 2649 1075 2749 ipso
1094 2651 1215 2728 excusa

232 2752 351 2850 merit,
374 2754 530 2829 nondum
551 2755 636 2830 scire
653 2757 765 2856 potui.

284 2866 470 2969 Postquam
497 2867 535 2939 in
561 2867 716 2942 Tiletani
740 2867 882 2944 officina
911 2868 977 2944 sese
1004 2877 1216 2970 exercuisset,

233 2970 371 3074 surisque
381 2980 469 3054 vires
483 2980 736 3081 ptaetentitsset3
761 2993 777 3029 ⁶
792 3005 883 3057 anno
901 2977 991 3080 1548
1006 2989 1216 3084 coepitcum

230 3083 366 3180 Jecobo
381 3089 541 3189 Bogudo
563 3091 772 3186 Qrintisiani
791 3091 1021 3167 institutiones
1043 3091 1107 3169 suis
1122 3102 1217 3173 notis

234 3192 413 3270 illustratae
444 3202 482 3272 in
508 3215 565 3296 4²2>
588 3204 806 3305 imprimere:
841 3203 962 3280 deinde
989 3205 1076 3281 solus
1105 3231 1216 3307 ¹1549,

266 3396 279 3425 ⁸
296 3388 440 3446 Anti-baill.
451 3407 513 3446 tom.
536 3411 557 3448 r.
578 3415 602 3466 p.
620 3417 675 3460 250.
692 3402 714 3452 ll
732 3400 767 3453 esi
783 3400 820 3452 dit
833 3400 895 3454 deur
918 3404 1095 3466 lenientem,
1112 3422 1161 3474 que
1176 3421 1214 3460 eet

234 3481 343 3538 ouvrage
353 3464 417 3521 stoit
428 3469 460 3522 de
471 3473 601 3532 'semeber
619 3479 702 3543 ecqui
717 3477 779 3529 n’est
789 3493 833 3546 pao
849 3479 1056 3534 vrri-semblable,
1106 3483 1118 3516 δ
1134 3489 1215 3534 Excu-

234 3536 287 3594 sant
301 3544 401 3614 abipso
416 3544 487 3600 fuisse
503 3548 608 3607 constet,
625 3567 655 3602 ex
671 3553 751 3607 indice
768 3555 896 3616 librorum,
919 3573 983 3625 quos
1000 3560 1067 3610 cudit
1085 3560 1214 3620 Morelius,

235 3630 292 3676 tm·
309 3633 370 3680 ¹5⁶0
381 3628 495 3695 rugato.
540 3634 552 3690 ‚⁶¹
567 3625 671 3684 utone
681 3632 712 3685 de
723 3635 850 3703 l'imprim.
861 3633 892 3688 de
904 3635 930 3686 la
941 3636 1032 3691 cattle
1044 3651 1100 3703 pag.
1114 3649 1168 3691 ιιι.

1113 3725 1130 3792 ‚²
1153 3707 1214 3788 sub
