2668 4454
227 235 321 302 100
357 188 788 334 VitaJonArtus
819 199 1144 298 Baua-uati.

217 365 443 470 impreffionis
457 391 546 442 anno
572 361 786 466 Moreliique
802 367 943 439 nomine
959 364 1104 443 servatis.
1128 371 1199 446 Fe-

217 479 257 556 rri
279 480 437 582 equidem
468 477 618 578 suspicor
641 501 713 551 non
740 477 839 550 aliam
868 477 946 571 eisc,
976 478 1032 552 sed
1054 481 1198 556 eandem

152 626 156 643 ι
217 619 338 696 puram
356 612 475 692 putam
492 591 705 678 editionem3
729 587 977 688 veteribtisque,
992 615 1072 689 quae
1085 591 1198 666 adhuc

216 704 423 804 supererant,
446 699 888 802 exemplaribuspraefixum
901 727 1032 777 novum
1041 703 1196 797 titulum,

214 815 361 916 epistolii
391 812 600 888 dedicatorii
621 811 764 904 Italico,
796 837 875 914 quae
901 813 996 911 priits
1027 817 1195 889 Romano
1241 923 1246 935 ι

215 925 408 1026 legebatur,
431 923 624 999 charaiiere
642 926 773 999 recust.

264 1034 417 1110 Platonis
441 1038 598 1128 Timaeo,
622 1037 679 1110 cui
703 1036 761 1110 ille
785 1059 874 1110 anno
903 1043 1012 1134 15630
1033 1037 1197 1135 primam,

214 1145 276 1222 hic
291 1145 452 1221 ultimam
471 1173 611 1222 manum
635 1155 746 1243 15690
761 1143 926 1218 admovit.

264 1255 378 1350 Quod
394 1257 436 1332 ad
453 1261 619 1360 optimam
638 1257 732 1332 illam
750 1254 995 1328 Demosthenis
1006 1253 1195 1330 editionem

219 1382 333 1468 15700
350 1371 487 1463 attinet,
510 1393 582 1442 non
593 1366 728 1469 pigebit
744 1366 926 1438 Bene-nati
947 1366 1050 1442 verba
1066 1367 1133 1467 ipsa
1149 1389 1196 1440 ex
1323 1407 1324 1482 p

215 1481 289 1578 ejus
303 1480 346 1554 ad
363 1481 526 1557 leiiorem
543 1479 689 1582 epistolii
710 1477 767 1551 hie
786 1495 946 1550 attexere.

266 1595 349 1668 Cim
371 1595 534 1669 duodecim
559 1595 678 1668 abhinc
708 1615 806 1664 annos
830 1589 1005 1661 Gulieimus
1020 1589 1197 1680 Morelius

214 1700 459 1800 Demosthenem
476 1705 675 1794 -typis
696 1697 851 1771 mandore
875 1697 1020 1791 ceprfflt,
1045 1700 1086 1780 δὲ
1110 1699 1197 1772 hanc

213 1812 385 1891 editionem
402 1813 548 1906 primiem
574 1812 753 1882 turbulenti
776 1809 957 1902 reipublice
980 1826 1194 1882 motus—-

214 1917 391 2012 drfficultes
416 1927 466 1995 rei
484 1923 671 2015 familiaris
695 1945 736 1993 ex
751 1927 846 1996 molis
866 1925 1193 2016 commendarentur,

213 2035 428 2106 immittere
453 2036 636 2130 co'e'grffent3
670 2033 782 2108 deinde
802 2033 869 2130 ejus
890 2037 962 2105 viri
989 2059 1073 2107 mors
1096 2037 1192 2107 brevi

213 2142 389 2242 constratu,
412 2159 516 2222 tetam
532 2171 601 2218 rem
623 2151 673 2218 ita
689 2147 878 2240 impediffet,
903 2161 940 2215 ut
959 2153 1134 2243 perexigua
1147 2147 1190 2228 (Β

207 2277 368 2353 perquam
390 2263 496 2336 tenuis
509 2256 583 2358 spes
613 2257 680 2352 ejus
705 2258 743 2328 de
757 2262 879 2355 integro
898 2261 1115 2352 aggrediendae
1137 2282 1192 2329 re·

214 2375 441 2468 linqueretur3
467 2371 554 2444 nobis
578 2371 722 2462 taudem,
747 2393 829 2442 anno
854 2367 1019 2468 superiore
1043 2371 1192 2466 Gregorii

122 2539 126 2550 .
214 2487 439 2558 Nazianzeni
453 2487 496 2556 ob
512 2484 636 2577 Jacobo
656 2483 759 2557 Billio
774 2527 870 2544 --·-
887 2489 922 2557 in
939 2485 1097 2558 Latinum
1114 2481 1191 2580 ser·

214 2618 337 2672 monem
360 2601 500 2693 conversi
518 2594 659 2686 editione
681 2594 841 2691 obfhlutd,
876 2601 911 2669 in
937 2607 1073 2669 'ruentem
1098 2602 1191 2670 venit

214 2706 744 2804 Dmmihenemmoliquundo
759 2721 911 2800 repetere,
935 2707 1062 2805 ejusque
1076 2708 1190 2781 editio·

213 2815 577 2917 nem-wobsolvere,
627 2821 690 2889 Cui
715 2823 802 2890 oneri
820 2815 1191 2915 sustinendo—sive
1227 2832 1230 2838 '

206 2928 358 3112 fiemptus
372 2935 409 3004 in
430 2956 465 3005 eo
481 2933 602 3028 negotio
610 2929 794 3028 faciendus,
809 2936 885 3024 fiee
900 2931 936 3000 di
970 2955 1007 3001 cu
1008 2935 1073 3002 lter
1087 2937 1123 3001 in
1134 2961 1191 3006 ex·

213 3043 314 3136 emplo
333 3041 568 3141 recognoscendo
589 3041 659 3116 δῖε.
684 3044 765 3113 auxi
765 3047 845 3115 lium
865 3040 972 3112 -lab
934 3044 1010 3112 eliis
1028 3040 1116 3116 nobis
1130 3066 1190 3148 pe·

1322 1555 1324 1688 i

213 3151 345 3224 tendum
363 3154 423 3256 effe
440 3157 705 3254 existimavimus
731 3155 781 3225 Et
792 3154 876 3247 qued
887 3151 934 3222 od
935 3149 1102 3247 fremptum
1119 3155 1190 3230 &ci
1269 3159 1271 3166 '
1316 3159 1317 3162 ’

214 3259 299 3334 huuc
320 3247 440 3333 nodum
451 3287 512 3335 uon
534 3279 605 3337 tom
624 3266 686 3338 citd
707 3286 803 3357 neque
805 3259 925 3446 &facili
947 3263 1190 3356 expedivimus:

213 3375 321 3450 altero
336 3385 444 3445 autem
458 3373 496 3444 di
529 3379 632 3449 cultos
646 3399 707 3450 non
723 3377 805 3448 rmrlt
805 3375 942 3448 dminor
956 3375 1111 3470 restem,
1124 3377 1189 3473 qud

140 3489 273 3584 qui
290 3511 345 3561 nos
372 3483 520 3564 libentids
544 3501 605 3557 aut
622 3485 737 3584 facil
709 3511 759 3560 ees
779 3491 920 3580 levaret,
944 3490 1041 3584 qudm
1060 3489 1188 3582 Diony·
1296 3507 1319 3557 Ν

206 3595 279 3690 stus
295 3597 660 3688 Lambinur‚--uon
674 3599 872 3675 videbamus.
899 3597 969 3674 δίο.
1019 3601 1140 3674 Cium
1124 3604 1188 3698 rgi-

215 3715 274 3776 tur
290 3703 449 3781 Lambino
471 3706 567 3806 hujus
592 3707 740 3862 editionis
766 3709 855 3810 absol
852 3726 916 3786 rete
938 3733 1058 3810 magno
1073 3714 1188 3806 gretia

1034 3821 1187 3894 debeatur
1231 3829 1234 3838 '
