2668 4454
228 191 288 287 50
349 155 467 258 Vita
498 157 759 248 Antrter
793 149 1069 249 Tenetur.

223 329 320 424 eujus
349 319 434 396 eitm
466 337 560 395 tanta
589 315 693 392 fuerit
729 315 766 388 in
798 313 933 389 Graecis
968 313 1072 389 literis
1107 315 1205 416 peri·

220 439 281 530 tia,
305 454 471 534 quantum
490 429 587 503 illum
604 426 669 502 effe
688 426 858 526 oportuit,
883 423 941 498 cui
957 422 1069 524 ipsum
1098 423 1208 498 debe»

223 575 299 626 mus
312 549 321 622 !

271 655 470 746 Turnebus,
480 665 496 700 ²
507 667 545 726 ut
554 655 680 749 publico
687 651 859 747 prodeffet,
881 645 1097 746 typographiae
1110 647 1206 718 Grae·

203 793 265 844 ,ιι
290 771 386 865 regiae
413 787 525 840 curam
556 789 617 838 non
643 763 846 860 dedignatus,
869 761 959 836 hanc
980 783 1072 833 anno
1106 778 1205 858 1552

220 880 435 982 provinciam
455 878 603 978 accepit,
629 899 732 976 quarn
749 873 928 949 Gulielmo
949 873 1104 946 Morelio
1124 872 1205 946 viro

221 984 412 1062 doetissnno
428 983 574 1088 artisque
592 989 694 1088 hujus
718 981 918 1086 peritissimo
940 986 977 1057 in
992 1004 1127 1084 partem
1150 980 1202 1055 la·

219 1095 312 1171 b'oris
329 1097 498 1174 advocato
513 1121 573 1200 per
595 1095 852 1198 quadriennium
876 1093 1010 1169 summi
1030 1118 1112 1168 cum
1130 1092 1204 1165 leu-

219 1207 264 1285 de
278 1210 524 1285 administravit
534 1242 546 1297 3
560 1205 731 1308 libr6sque
745 1211 845 1307 regiis
870 1208 961 1307 typis
978 1203 1016 1279 &
1034 1224 1203 1305 typogrt·
1317 1207 1318 1226 ¹

216 1325 327 1424 phico
353 1321 510 1426 symbolo
537 1321 636 1420 regio
660 1318 842 1393 adornatos
868 1316 974 1394 edidit
1001 1341 1066 1418 pro
1092 1316 1206 1408 brevi,
1267 1326 1272 1336 '

219 1449 290 1535 quo
323 1459 367 1512 eo
395 1453 537 1510 munere
571 1429 706 1506 funiius
732 1431 795 1526 est,
819 1449 978 1530 tempore
1006 1429 1135 1502 multos
1164 1425 1204 1501 &

218 1547 381 1646 optimos.
422 1547 572 1638 Eorum,
595 1569 673 1646 quae
689 1541 858 1642 vulgavit,
870 1539 1030 1640 pleraque
1040 1558 1100 1612 aut
1111 1561 1205 1611 nun-

219 1675 323 1754 quarn
343 1675 441 1732 antea
458 1656 656 1756 aspexerant
672 1654 808 1739 lucem3
834 1671 892 1752 eut
912 1652 1079 1744 restituta,
1099 1647 1203 1725 austu

219 1767 257 1840 &
276 1766 508 1841 emendatiora
520 1764 732 1865 prodierunt.
784 1765 850 1840 Illo
867 1785 1062 1858 accurante,
1086 1767 1203 1840 erudi·

217 1885 246 1956 ti
261 1875 417 1983 primhm
434 1875 593 1978 legerunt
617 1875 760 1971 Graece,
785 1874 1002 1952 bPhilonem
1023 1879 1203 1975 Judaeum,

216 2005 232 2042 ⁶
251 1989 382 2095 Synefii
398 1987 572 2090 opuscula,
596 1983 613 2032 ‘¹
630 1987 801 2062 Demetrii
818 1988 856 2061 in
872 1987 1083 2089 Sophoclem
1098 1988 1203 2065 seho-

213 2105 262 2178 lia
293 2100 312 2174 ἐ
337 2100 461 2174 codice
485 2097 623 2171 AEmari
647 2099 846 2174 Ranconeti
872 2095 1052 2200 descripta,
1084 2100 1200 2174 eCle·

217 2214 342 2289 ‘mentis
359 2211 402 2286 de
415 2207 514 2284 rebus
537 2209 572 2285 S.
589 2207 684 2283 Petri
701 2209 803 2310 gestis
823 2211 1001 2310 epitomen
1016 2209 1037 2286 ὲ
1054 2214 1200 2288 Nicolai

215 2327 368 2403 Mallarii
383 2320 602 2398 bibliotheca
622 2317 847 2422 desumptam,
872 2315 1093 2420 prolinarii
1115 2327 1199 2398 Me-

217 2432 390 2537 taphrafin
406 2433 637 2532 psalmorum
663 2428 803 2524 Latine,
821 2433 982 2508 authores
1006 2434 1079 2507 ede
1094 2457 1198 2534 agro·

214 2567 293 2618 rum
309 2539 566 2616 conditionibus
583 2537 620 2612 &
639 2539 941 2616 constitutionibus
957 2541 1109 2618 limitum
1125 2541 1145 2590 ¹²
1161 2546 1198 2618 in

216 2655 286 2728 'divi
307 2651 440 2727 Bertini
470 2650 561 2750 apud
585 2649 775 2724 Audomari
800 2653 959 2727 Phanum
983 2655 1196 2732 bibliotheca

198 2769 306 2842 ¹inter
324 2762 433 2839 multa
443 2761 631 2838 veneranda
646 2763 820 2838 vetustatis
837 2789 1064 2844 monumenta
1080 2772 1198 2846 inven-

216 2896 272 2950 tos
293 2873 337 2948 ab
366 2872 438 2976 ipso
463 2871 502 2947 &
531 2873 665 2949 iPetro
679 2873 877 2971 Gallandio,
903 2879 974 2952 trien
997 2896 1075 2954 ante
1098 2907 1196 2957 annos

217 2985 319 3058 decem
346 2984 395 3081 (id
412 2985 461 3060 est
475 3009 565 3060 anno
582 2987 721 3061 circiter
743 2989 866 3090 1543),
882 2997 1068 3087 pateinter
1088 2996 1196 3069 'Caro-

248 3189 374 3242 ⁸Thtrtn.
392 3190 474 3244 histor.
488 3207 543 3261 pag.
558 3203 611 3245 tte.
628 3191 792 3249 editoenev.
808 3207 879 3250 1620.
942 3201 954 3235 ⁸
972 3217 1041 3261 155²·
1092 3209 1103 3234 ‘
1123 3220 1196 3266 1553·

212 3277 316 3329 1:553.
364 3271 460 3326 Ἴης.
511 3265 607 3329 ‘lm
657 3269 761 3336 1ἷῐςς4.
817 3273 1054 3345 'Lesseepistolnm
1066 3282 1195 3336 Gdlandii

209 3351 264 3400 illie
282 3343 424 3400 authoribus
436 3345 568 3410 prefixum.
631 3346 638 3375 ¹
652 3348 753 3410 Nescio,
764 3367 797 3404 tn
810 3351 916 3408 affiatu
932 3361 1042 3410 nominis
1053 3360 1139 3412 lotum
1151 3362 1195 3413 de·

211 3425 276 3476 derit
299 3423 412 3492 opinioni
435 3437 530 3482 eonem,
552 3439 616 3491 quot
638 3423 758 3480 retexta·
782 3432 809 3482 tn
826 3433 891 3500 eleg.
909 3431 992 3486 sctibit
1010 3449 1104 3504 putate,
1125 3437 1194 3505 qued

211 3501 340 3623 'cernetur
360 3503 387 3556 in
400 3501 490 3556 horum
501 3499 632 3557 sutherem
648 3503 783 3562 editionet
797 3515 870 3564 Petro
886 3511 1030 3566 castelletto
1040 3514 1137 3581 adjutus
1153 3514 1194 3567 su·

229 3587 269 3626 nt.
666 3596 669 3600 ·

1128 3686 1194 3758 lm
