2682 4508
270 191 334 282 24
357 156 474 258 Vita
496 155 826 249 Mtcnnnnrs
850 151 1199 254 Vascosnrtr.

264 315 405 388 multitm
421 331 453 380 te
467 310 767 396 juvabir'diligentia
784 307 860 374 mibi
884 310 918 374 in
934 309 1153 376 emendetione
1179 317 1255 383 libri

256 416 409 492 adbibita,
429 411 540 492 &quar
556 405 687 473 sortaffis
706 407 807 488 major
824 407 1023 475 adhibebitur.
1067 407 1147 474 Vale
1166 411 1250 478 Val-

263 513 374 580 norro.
399 503 471 572 cn.
487 503 572 590 nug.
596 523 687 588 1549.

282 697 1231 796 mnmbmudmmmdtdmmdtdteddtmdt

262 909 327 1002 Jo.
360 906 504 984 Gerros,
542 901 766 982 sernnvnor
808 901 1052 982 viscosrno
1093 895 1246 984 librario

554 1014 748 1104 Parisrenfi
777 1021 814 1102 S.
835 1021 875 1100 P.
894 1013 944 1100 D.

262 1215 462 1370 CHartam
476 1210 700 1296 recognitionis
719 1227 867 1274 meorum
888 1203 1128 1291 opusculorum,
1148 1231 1244 1294 quam

348 1313 477 1396 Gaspari
496 1307 683 1374 Treehsrllo
693 1307 904 1390 proficiscenti
917 1305 955 1372 ad
974 1322 1004 1370 te
1019 1306 1176 1390 dederam,
1192 1309 1244 1374 sed
1310 1317 1312 1320 ’

259 1407 443 1490 auctiorem,
464 1406 573 1488 mitto,
607 1423 703 1486 quam
721 1416 759 1466 ut
777 1401 817 1466 fic
842 1400 1083 1483 imprimendam
1102 1404 1244 1487 mandes,

259 1508 422 1595 pervelim,
442 1504 477 1571 ed
497 1501 600 1570 sormi
617 1521 654 1566 ac
667 1499 902 1578 chareberibus,
927 1501 980 1580 qui
995 1519 1064 1564 mea
1079 1500 1243 1581 opuscula,

257 1621 294 1671 ut
321 1605 337 1668 d
361 1603 507 1669 Colinaeo
526 1619 611 1665 anno
636 1595 748 1662 Christi
773 1616 851 1682 1541
877 1595 989 1660 excusa
1012 1595 1093 1677 sunt,
1116 1596 1243 1662 imiten·
1315 1569 1316 1650 l

257 1716 320 1768 tur.
362 1697 461 1780 Quod
485 1712 520 1760 ur
542 1695 645 1778 primo
668 1711 794 1774 quoque
817 1705 958 1774 tempore
977 1689 1084 1770 facias,
1103 1691 1241 1754 tertiam

258 1809 353 1873 atque
376 1792 469 1856 etiam
482 1810 575 1875 rogo,
595 1787 711 1852 etiamfi
726 1785 927 1852 Trecbsellus
945 1787 1039 1850 aliam
1050 1784 1240 1868 impresserit.

257 1887 323 1954 Res
346 1887 387 1952 est
408 1905 578 1972 paucarum
599 1886 758 1965 botarum,
786 1881 817 1946 dt
842 1883 981 1948 minimo
1012 1881 1181 1962 impensae;
1209 1881 1238 1946 dt

255 1988 337 2052 banc
357 1985 455 2068 ipsam
468 1983 542 2048 facit
558 1997 664 2047 orator
684 1979 840 2044 Caesareus
859 1993 1011 2060 patronus
1025 1993 1127 2040 meus.
1169 1975 1238 2062 Ego

255 2088 361 2137 tamen
377 2090 434 2152 pro
453 2089 485 2134 re
497 2067 605 2150 exigua
617 2065 671 2132 tibi
686 2079 834 2149 magnam
852 2063 968 2128 habebo
982 2059 1121 2144 gratiam.
1150 2060 1240 2126 Cen·

256 2181 328 2233 tum
337 2167 479 2249 exempla
492 2164 569 2228 mibi
584 2162 656 2228 satir
671 2174 775 2243 erunt,
795 2178 862 2242 qua
881 2158 959 2224 tradi
978 2161 1056 2222 volo
1072 2157 1239 2224 haeredibus

256 2262 404 2346 Colinai,
423 2277 458 2329 ut
478 2261 596 2345 fingula
613 2258 750 2324 totidem
771 2273 917 2322 meorum
930 2253 1157 2336 opusculorum
1182 2275 1238 2320 co·

254 2361 373 2428 dicibus
392 2359 555 2436 addantur,
576 2373 684 2440 proter
715 2354 765 2418 sex
797 2367 850 2418 aur
873 2353 1002 2434 septem,
1022 2371 1091 2434 quae
1114 2352 1151 2416 ad
1176 2372 1236 2438 noe

253 2453 518 2536 pertranseuntes
543 2451 701 2518 acaesare
724 2449 900 2516 tabellarios
915 2449 998 2512 mitti
1019 2453 1119 2526 volo;
1141 2467 1236 2532 quam

254 2571 364 2616 curam
386 2549 469 2615 idem
489 2565 608 2629 orator,
639 2566 674 2614 ut
697 2549 887 2614 beneficium
912 2547 1062 2627 absolvat,
1081 2545 1234 2629 suscipiet.

252 2647 328 2714 Hoc
345 2644 421 2712 crim
434 2644 586 2725 effeceris,
608 2645 665 2710 erit
683 2644 848 2730 diligentia
866 2660 935 2724 tuo,
957 2659 992 2708 ut
1003 2642 1234 2720 Trecbsellum,

252 2739 387 2810 neforte
407 2745 548 2808 laborem
561 2742 689 2806 inanem
701 2743 812 2824 capiat,
833 2740 1001 2829 certiorem
1015 2742 1119 2806 facias.
1141 2738 1233 2806 Vale.

252 2834 300 2905 Ex
315 2839 493 2906 Valdolito.
517 2835 611 2904 Non.
634 2837 699 2920 Jul.
726 2856 816 2922 1550.

299 3033 358 3107 Ex
381 3034 510 3112 duabus
529 3032 638 3125 hisce,
661 3057 743 3133 quae
754 3037 903 3133 integras
919 3031 1077 3109 consulto
1094 3035 1231 3127 inserui,

247 3143 398 3248 epistolis
430 3165 570 3245 apparet
608 3144 832 3244 Sepulvodam
877 3152 963 3246 (pro
992 3146 1052 3222 suo
1088 3148 1230 3245 ingenio

247 3255 465 3357 quantumvis
474 3254 769 3356 indignabundum
783 3256 819 3330 &
835 3257 1045 3357 impotenter
1056 3257 1228 3331 minacem

246 3366 293 3441 ob
312 3362 488 3457 nonnulla,
513 3389 591 3463 quae
608 3367 643 3444 in
659 3362 769 3458 suum,
793 3365 836 3440 de
863 3393 933 3469 quo
961 3367 1144 3470 jadlantior
1166 3367 1230 3442 fibi

245 3473 440 3574 plaudebat,
464 3498 549 3576 opus
561 3473 774 3574 irrepserant,
799 3477 934 3570 menda)
949 3481 1095 3555 veritate
1112 3500 1231 3555 tamen

243 3583 402 3661 cordium
432 3581 615 3662 Vascosani
643 3590 774 3664 meritis
796 3588 893 3663 suurn
925 3587 1081 3688 adjecisse
1111 3589 1229 3664 calcu-

244 3691 341 3785 luma
365 3695 481 3804 eique,
504 3718 684 3800 utcunque
708 3698 883 3802 deprimit
903 3699 1119 3800 impressione
1139 3723 1228 3782 con·

1102 3831 1225 3914 quere·
