2668 4454
333 145 392 246 ad
426 151 569 246 Aur.
610 146 944 254 Tunntuum.
1041 191 1137 262 107

156 325 284 422 Tullii,
311 325 407 427 quod
428 326 644 402 ariervaretur
661 329 696 401 in
719 327 939 406 bibliotheca
952 329 1152 431 Vaticani,'

97 448 105 463 '
153 459 228 512 non
263 440 302 511 in
334 440 461 536 majore
493 436 632 535 quidem
669 437 727 512 illi
758 438 795 512 δε
822 442 1032 539 augustiore,
1058 469 1136 544 quae

151 547 367 646 pontificum
388 545 559 622 beneficio
583 548 738 647 quotidie
757 547 829 625 ferd
854 552 946 627 statis
966 554 1060 628 horis
1076 582 1137 655 pa·

153 681 231 736 tere
255 659 296 733 ad
325 681 545 733 communem
572 658 796 736 studiosorum
823 666 980 739 omnium
1005 666 1136 741 utilita-

154 794 230 849 tem
256 771 450 859 consuevita
478 771 592 845 sedin
616 769 733 846 abditai
750 774 909 874 quidam,
934 776 1063 850 &non
1087 780 1136 853 ita

153 884 316 958 omnibus
338 884 469 984 pervii,
494 909 572 983 quat
600 880 861 960 diacerdotibus
883 886 955 962 divi
969 890 1064 966 Petri
1080 889 1135 964 iu·

153 997 343 1095 perioribus
366 999 462 1072 annis
484 996 703 1088 concinnata,
726 995 844 1094 postea
865 996 934 1072 five
954 1001 1133 1101 negligen-

152 1111 204 1184 tii
218 1110 415 1201 hominum,
442 1104 510 1179 five
534 1106 663 1200 fraude,
688 1105 852 1182 exhausta
874 1107 985 1208 propi
1002 1115 1071 1209 jarn
1093 1113 1133 1188 δε

152 1220 325 1293 exinanita
340 1219 524 1295 effet-N
525 1241 571 1292 on
587 1214 834 1292 modo-mihi
854 1221 1020 1294 eximium
1035 1221 1133 1298 illum

152 1333 279 1408 librum
307 1333 471 1434 inspicere
501 1332 617 1406 licuit:
652 1327 708 1404 sed
738 1332 842 1404 etiam
872 1330 1046 1428 permissus
1072 1334 1134 1426 est,

150 1467 191 1522 ut
213 1472 295 1522 eum
329 1469 467 1518 mecum
490 1439 673 1532 auferrem,
697 1438 862 1539 domique
878 1439 1054 1534 haberem,
1077 1442 1135 1516 da·

151 1559 191 1630 ti
212 1554 309 1656 prius
336 1553 405 1626 fide
430 1577 532 1643 eum,
558 1547 652 1647 quod
679 1548 912 1648 longiffimum
937 1549 1032 1643 estet,
1055 1571 1136 1626 ante

151 1669 340 1767 septimum
360 1665 450 1737 diem
464 1663 633 1738 redditum
659 1688 699 1737 ac
717 1663 910 1737 restitutum
931 1664 984 1736 iri.
1033 1665 1133 1740 Tum

151 1777 262 1870 veto,
298 1793 457 1876 tanquam
487 1772 595 1874 longo
632 1795 787 1874 tempore
826 1770 1132 1854 concitandum

150 1886 292 1984 explere
316 1886 468 1982 cupiens,
492 1886 540 1958 ita
557 1907 635 1957 eum
655 1883 883 1984 pervolutare‚
908 1883 945 1958 ὅ(
968 1908 1049 1960 curn
1076 1887 1131 1979 iis,

152 1999 212 2096 qui
236 1993 456 2071 emditiffimo
479 2020 519 2069 ac
534 1992 789 2094 diligentissimo
813 1998 888 2070 viro
906 1995 1129 2093 Hieronymo

150 2111 306 2185 Ferrario
339 2107 509 2182 emendati
536 2125 645 2200 erant,
678 2107 837 2182 conferre
860 2114 969 2212 coepi,
995 2135 1036 2188 ut
1070 2137 1128 2188 me

150 2228 369 2320 (quamquam
388 2219 538 2319 graviter
553 2237 720 2318 aegrotare
735 2223 926 2318 coeperam)
949 2247 1021 2296 non
1035 2224 1129 2299 vale-

148 2331 275 2404 tudinis
287 2333 389 2424 ratio,
401 2355 473 2403 non
488 2329 557 2402 cibi
574 2327 768 2429 potionisve
785 2331 971 2422 necessum,
984 2356 1055 2407 non
1072 2333 1129 2406 ille

146 2440 218 2540 ipse
236 2443 394 2514 omnium
421 2439 576 2514 domitor
600 2445 655 2534 (ut
674 2462 753 2513 eum
776 2439 894 2538 poe'tae
918 2439 1039 2512 Graeci
1064 2465 1128 2514 vo·

147 2549 242 2640 cant)
268 2547 383 2622 itam
407 2547 501 2623 dulci
526 2552 755 2651 occupatione
778 2551 887 2650 poffet
907 2549 1042 2626 somnus
1066 2551 1126 2625 ab·

145 2665 283 2739 ducere.
314 2657 484 2733 Praeclare
499 2680 614 2734 autern
629 2660 717 2734 mihi
737 2661 892 2736 constitit
904 2685 1021 2758 operae
1036 2685 1127 2740 meae

145 2770 297 2860 frustm:
311 2791 384 2840 non
400 2772 491 2842 enim
507 2769 609 2844 facile
625 2769 806 2846 crediderit
817 2768 1006 2872 quisquam,
1020 2769 1124 2873 quim

145 2882 255 2957 muita
270 2882 307 2952 in
323 2880 377 2952 his
390 2879 597 2954 orationibus
614 2881 748 2974 mutila,
774 2883 878 2982 quim
896 2882 1003 2956 multa
1015 2905 1124 2961 terne-

146 3018 182 3068 re
203 2979 331 3083 addita,
356 2987 460 3089 quim
474 2991 581 3066 multa
597 3011 760 3090 conupta
776 3017 817 3066 ac
837 2992 1015 3094 depravata
1030 2996 1123 3097 lege·

143 3126 260 3181 rentur
276 3109 312 3178 in
324 3103 484 3180 omnibus
500 3104 571 3180 aliis
588 3103 693 3198 libris,
715 3127 793 3204 quae
811 3105 912 3207 hujus
928 3131 994 3208 ope
1005 3112 1123 3210 exple«

145 3237 195 3310 ta,
218 3214 353 3309 reseda,
370 3216 492 3307 sanata,
518 3213 760 3315 &integritati
785 3214 852 3298 suae
866 3217 1018 3294 restituta
1033 3219 1123 3292 sunt.

144 3328 291 3404 Librum
299 3348 413 3405 autem
426 3330 534 3429 ipsum
548 3329 653 3405 credo
661 3330 819 3432 equidem
828 3350 906 3407 ante
919 3334 983 3406 hos
993 3330 1122 3425 septin-

140 3443 270 3540 'geritos
286 3464 388 3515 annos
399 3459 574 3517 exaratum
585 3441 669 3515 cist:
706 3441 801 3541 quod
817 3442 854 3516 δε
866 3441 936 3540 ipsa
945 3442 1121 3514 literarum

143 3550 377 3625 conformatio
400 3552 696 3654 ostendit-quae
724 3557 760 3628 in
779 3549 953 3653 pandeuis
977 3543 1120 3624 Florem

142 3662 236 3754 einis,
247 3659 286 3737 dc
300 3661 512 3742 inTerentio
524 3665 617 3742 Petri
633 3661 904 3742 Bembivifitur;
924 3653 961 3730 ὃ(
972 3653 1122 3837 scriberdn

627 3773 657 3850 P
681 3795 703 3848 ι
1109 3767 1121 3852 i
