2668 4454
196 197 266 302 94
322 166 440 268 Vita
473 169 749 263 Frnrurcr
785 171 1066 274 Moratur.

192 337 380 440 quominus
396 333 475 409 libri
489 332 532 406 ab
557 331 619 406 illo
648 332 766 409 excusi
794 359 887 430 eum,
911 362 982 439 quo
1005 338 1078 412 filio
1102 345 1178 420 ces·
1207 371 1209 376 ·

192 451 293 543 serat,
316 446 457 523 titulum
483 442 544 518 sub
569 448 749 522 communi
771 447 929 526 Federici
951 453 1092 566 nomine
1110 479 1178 564 ge·

191 583 339 747 rerllltttr
360 669 486 747 tumuli
509 667 610 770 supra
643 667 727 744 ditti
754 673 928 777 epitaphia
956 671 1084 776 legitur
1104 673 1175 755 hoc

190 783 362 866 Graecum
382 782 568 858 distichon.

239 993 345 1081 Kairau
367 979 497 1065 'lualrunr
517 979 709 1079 Ἐξςεδωνόῦς
731 972 788 1056 εἶδε
805 982 977 1083 Magum,

281 1093 471 1192 ’'Ouvauarl'
494 1091 525 1174 lc
551 1103 576 1168 κ’
601 1101 678 1195 day,
704 1093 796 1171 altalo
823 1103 847 1194 l,
871 1095 995 1195 αἱςεςτῑιιῖ.

237 1362 369 1437 Literae
391 1351 587 1457 majusculae
615 1349 670 1448 [a.
696 1349 763 1447 m]
791 1349 868 1424 sunt
893 1351 1038 1456 initiales
1063 1361 1169 1437 Grae.

191 1501 245 1550 cae
273 1472 429 1548 nominis*
449 1466 608 1542 Federici
637 1463 794 1557 Motelli,
820 1461 979 1564 &patris
1005 1471 1173 1568 quidem3

191 1612 272 1663 nam
300 1585 391 1660 filius
412 1583 450 1655 in
471 1579 536 1652 suis
557 1575 764 1651 carminibus
790 1577 916 1679 adjecit
943 1577 978 1674 [ὅ
1005 1583 1171 1688 arladis]

190 1689 424 1792 distinguendi
449 1687 573 1788 gratii.
624 1685 704 1762 lmo
732 1690 822 1762 inter
845 1687 904 1762 illa
928 1689 1102 1790 epitaphia
1125 1698 1173 1770 le-

138 1799 142 1808 ’
190 1827 321 1908 guntur
341 1801 519 1878 Phaleucii
536 1795 720 1898 sublignati
736 1799 841 1874 literio
869 1799 928 1896 [F.
943 1803 999 1874 M.
1017 1803 1077 1900 Ρ.]
1105 1810 1128 1880 i.
1142 1835 1173 1890 e,

189 1921 361 1998 Federicus
387 1915 544 2014 Morellur
569 1913 706 1988 Pater:
731 1911 768 1988 δε
785 1913 822 1986 in
839 1912 982 2013 Virgilii
1001 1913 1173 2018 Pollione,

189 2029 316 2130 eclog&
343 2019 474 2098 Graeci
494 2023 537 2098 ab
560 2019 709 2098 Eusebio
728 2021 895 2124 expressi,
919 2024 1008 2123 apud
1032 2029 1171 2107 Federi-

189 2167 272 2218 cum
298 2135 488 2213 Morellum
521 2136 780 2238 typographum
806 2139 956 2235 regium,
988 2141 1046 2212 via
1065 2142 1171 2237 Jaco.

187 2256 282 2348 baei,
313 2251 356 2326 ad
383 2249 516 2352 infigne
542 2248 662 2342 fontis,
686 2273 763 2328 ann.
796 2245 902 2347 1583.
935 2247 1033 2348 ligno
1066 2253 1173 2332 fontia

185 2368 313 2471 primae
329 2367 462 2465 pagina
484 2358 603 2453 affixo,
627 2357 810 2459 impressl3
836 2357 991 2439 libellum
1008 2360 1173 2444 claudunt

189 2481 262 2554 duo
281 2477 427 2550 disticha
449 2475 618 2550 Graecum
645 2474 683 2548 &
696 2475 878 2566 Latinum,
903 2471 941 2548 &
958 2470 1172 2554 subscribun-

188 2613 247 2671 tur
263 2591 352 2665 -huic
367 2589 476 2663 litetae
504 2586 563 2684 [F.
579 2587 635 2660 M.
648 2585 707 2685 Ρ.]
735 2587 785 2661 illi
814 2585 868 2689 [Φ.
886 2606 932 2664 M.
949 2585 1011 2684 [1.]
1039 2588 1061 2660 i.
1073 2611 1103 2664 e.
1115 2607 1170 2664 ua·

189 2715 325 2794 arelao·
341 2703 501 2803 minuo
520 2699 638 2799 noxale.

237 2818 280 2890 Id
297 2836 461 2917 praeterea
477 2811 656 2888 observatu
670 2808 813 2913 dignum
827 2809 890 2904 est,
914 2812 1023 2914 quod,
1045 2817 1084 2890 in
1099 2816 1170 2914 pri.

187 2927 318 3026 vilegio
338 2925 381 3000 ad
400 2923 496 3000 Pauli
513 2923 663 3026 AEmylii
684 2925 859 3000 historiam
879 2923 1017 3000 Gallice*
1040 2927 1172 3003 uersam

186 3059 267 3113 ann.
300 3053 394 3134 1597
420 3037 458 3112 &
492 3045 584 3122 1609
610 3037 769 3140 apposito
795 3037 833 3110 &
853 3061 930 3110 ann.
960 3034 1169 3132 1579dato,

186 3148 356 3226 Federico
376 3149 531 3224 Morello
550 3152 772 3250 typographo
790 3151 878 3248 regis
894 3145 1066 3222 ordinario
1081 3175 1168 3224 con·

186 3261 276 3336 colla
299 3255 404 3332 fuerit
420 3258 561 3334 facultas
577 3261 798 3360 imprimendi
818 3258 881 3332 hos
894 3257 1001 3334 libros
1025 3256 1047 3332 ai
1068 3263 1170 3335 variis

184 3367 427 3472 interpretibus
441 3367 577 3444 Gallice*
592 3370 756 3460 redditos,
783 3370 869 3468 [viz.
894 3369 1044 3467 AEmylii
1058 3371 1168 3448 histo·
1288 3449 1292 3456 ,

184 3484 285 3576 riam,
310 3479 348 3556 &
381 3479 522 3554 Ferroni
554 3481 866 3575 continuationem,
902 3481 1107 3558 Hieroclem
1129 3484 1167 3556 in

183 3591 397 3692 Pythagorae
419 3588 530 3667 versus
549 3615 681 3687 aureos,
705 3595 889 3669 Attianum
915 3592 961 3667 de
979 3591 1166 3669 Alexandri

186 3699 303 3802 gellia,
326 3704 365 3781 lt
388 3703 625 3784 Herodianum
650 3705 866 3801 historicum,
890 3709 952 3808 qui
979 3705 1051 3782 duo
1074 3728 1168 3886 ango

1029 3826 1080 3908 ξι
1087 3835 1109 3912 5
1144 3835 1158 3888 r
