2682 4508
194 149 251 246 18
280 135 399 244 Vita
419 139 752 236 M1cr-rhuc1s
775 127 1121 234 VAscosrru.

189 310 298 387 Badio
318 310 353 385 id
381 305 481 384 cedat
496 305 534 375 in
550 321 715 375 aeternam
743 295 879 374 laudem
902 317 1056 400 oportet,
1079 299 1177 399 quhd

190 449 263 500 non
289 421 402 498 solium
427 413 496 518 ipse
525 411 718 488 eruditione
740 411 835 486 varie
856 410 1004 510 repletus
1028 409 1179 509 Parifiis,

190 531 286 634 ‘1'50
308 527 449 606 ineunte
472 521 612 618 saeculo,
636 543 743 600 artem
760 521 954 598 exercuerit
977 519 1015 596 δι
1030 547 1176 624 promo·

190 647 280 722 verit
296 625 585 744 typographicam
596 646 614 722 ς’
635 631 689 708 sed
704 631 741 706 &
762 633 800 706 in
817 629 911 710 suam
932 631 1096 715 familiam
1113 659 1184 710 co·

192 757 376 858 optaverit,
387 751 446 854 qui
457 743 660 840 eandem,se
673 739 852 836 defuneto,
863 741 905 816 ad
922 743 1075 844 posteros
1087 767 1183 819 con·

192 871 376 944 tinuarent.
424 858 514 938 Tres
535 861 627 934 enim
655 853 741 932 filius
762 856 872 932 tribur
889 853 1117 949 celeberrimis
1132 859 1181 932 ei

192 973 393 1076 tempestate
416 969 643 1072 typographis
669 965 868 1044 collocavit.
918 963 1178 1042 bPetronillam

193 1087 294 1161 duxit
300 1084 478 1161 Robertue
495 1085 701 1186 Stephanus,
713 1078 1068 1177 Joannthohrnnet
1084 1081 1181 1156 Roi-

193 1221 281 1298 gny,
319 1193 541 1272 Catharinem
578 1189 808 1284 Vascofrnus3
834 1193 895 1292 qui
931 1215 1023 1266 anno
1066 1211 1183 1288 1535,

193 1319 297 1408 cquo
328 1303 452 1385 Badius
482 1303 573 1406 diem
605 1301 696 1379 obiit
717 1299 926 1401 supremum,
957 1303 995 1376 in
1012 1299 1181 1390 nicfune'ti

195 1415 324 1494 aedibus
338 1389 413 1516 'per
439 1439 608 1490 annorum
634 1433 781 1516 quatuor
808 1411 955 1514 spatium
984 1411 1090 1490 libros
1110 1416 1177 1488 im·

191 1527 306 1630 preffit
323 1525 527 1624 Ascenfiano
543 1527 653 1630 praelo
670 1522 833 1626 signatos,
855 1549 927 1600 non
943 1523 1032 1600 ultra
1056 1533 1179 1624 (quem-
1323 1607 1324 1632 Ν

194 1658 272 1713 tum
299 1636 395 1726 scio)
429 1639 557 1712 annum
586 1657 707 1732 1539,
740 1635 1016 1734 proptereaquod
1042 1636 1180 1712 fortasse

194 1747 232 1822 id
247 1748 385 1822 circiter
399 1745 565 1846 temporis
581 1769 671 1818 uxor
690 1742 747 1818 sua
770 1743 942 1820 decefferit
961 1745 1058 1847 Badij
1084 1745 1177 1838 filia,

196 1880 277 1930 uam
300 1873 380 1930 nun
404 1851 421 1904 ‘¹
441 1855 477 1929 in
497 1855 626 1954 nuptiis
641 1851 793 1930 secundis
811 1855 990 1932 Robinrun
1005 1857 1126 1958 Coing
1141 1886 1179 1934 a·

195 1963 358 2065 liquando
383 1965 534 2042 habuiss'e
563 1967 762 2065 accipimus.
810 1967 895 2042 Hoc
920 1987 1035 2042 autem
1063 1966 1179 2042 obser-

196 2080 269 2174 uari
297 2077 411 2152 obiter
434 2077 616 2180 indignum
644 2080 843 2177 neutiquam
870 2075 975 2171 duco,
999 2103 1069 2179 quo
1089 2103 1178 2180 cog,
1324 2089 1325 2092 ’

196 2187 345 2280 nationis
372 2187 515 2264 vinculo
543 2188 755 2288 typographi
778 2187 830 2286 iiii
853 2208 982 2264 veteres
1010 2188 1179 2265 clariffirni

196 2295 231 2372 se
256 2298 381 2378 mutui>
409 2298 662 2400 astringebant,
688 2297 782 2400 qurfi
804 2301 852 2374 rei
876 2300 1035 2376 literariae
1061 2301 1178 2402 magni

197 2410 351 2493 intereffe
374 2411 591 2506 crediderint,
613 2432 654 2488 ut
669 2410 802 2486 collatis
821 2413 909 2488 inter
929 2410 1051 2500 senon
1070 2411 1178 2487 modi>

198 2515 315 2612 studiis
331 2517 368 2594 δι
383 2520 542 2621 impensis
560 2521 616 2596 sed
634 2523 737 2598 etiam
761 2521 898 2598 familiis
917 2543 1025 2600 artem
1045 2523 1179 2600 erudito

199 2627 277 2704 orbi
307 2647 380 2706 tam
411 2632 624 2709 necessariam
652 2634 859 2710 excolerent.
910 2635 970 2710 Sic
999 2636 1179 2724 Simonem

197 2737 398 2816 Colinaeum
412 2741 565 2818 Robcrri
587 2743 753 2844 Stephani
767 2745 930 2818 vitricum
948 2742 1114 2822 affinitate
1126 2763 1178 2820 at·

197 2850 353 2952 tingebat
376 2850 598 2947 Vascosanus,
633 2854 798 2955 quoniam
829 2855 982 2938 Roberti
1013 2857 1179 2960 Stephani
1325 2945 1326 2970 2

198 2961 315 3050 uxoris
331 2959 482 3040 sororem
498 2964 653 3044 duxerat.

212 3131 214 3138 .
248 3066 377 3174 Acium
402 3097 553 3174 agerem,
577 3076 709 3180 solique
732 3080 849 3156 lumen
871 3079 1045 3176 inferrem,
1069 3079 1097 3156 fi
1122 3101 1178 3182 ty·

200 3181 435 3279 pugraphicos
456 3184 638 3264 Vascoseni
669 3191 890 3284 characteres,
921 3191 1061 3270 Italicos
1090 3192 1180 3268 scili·

201 3309 257 3372 cet
270 3289 307 3366 &
319 3291 515 3392 Romanos,
528 3297 663 3376 laudere
674 3301 885 3402 aggrederer.
910 3304 1039 3400 Cerne,
1057 3303 1185 3401 letior,

213 3491 216 3498 ’
233 3497 246 3526 “
261 3501 402 3557 cherilliet.
413 3519 437 3570 p.
455 3515 509 3564 ηε.
559 3508 572 3543 ⁸
588 3509 731 3564 chevilliet.
744 3529 769 3581 p.
788 3525 841 3573 ω.
859 3519 886 3568 δι
898 3517 925 3569 lt
936 3519 1018 3572 crille
1030 3525 1103 3586 pet.
1124 3531 1179 3568 rer.

204 3590 257 3634 1⁰5·
307 3580 476 3638 ‘chevillien
492 3599 516 3653 p.
532 3594 587 3648 ιιι.
635 3592 648 3654 ,⁴
663 3594 702 3643 Le
710 3591 801 3668 crille.
811 3607 837 3662 p.
850 3606 906 3646 102.

1031 3723 1182 3824 {Qinq
