2668 4454
265 173 383 275 Vita
421 177 683 270 Anntnut
712 173 996 278 Tunnnnr.
1052 189 1117 318 69
1164 195 1166 205 '

135 341 211 438 Qri
229 345 335 418 tantis
349 340 465 417 scribis
481 363 619 416 carmen
640 339 824 420 virtutibus
844 371 1008 447 aequutn5

128 457 343 555 AEquiparas
360 456 398 530 &
422 451 510 529 faeta
530 455 632 548 sonis,
658 454 696 528 &
713 455 867 532 laudibus
883 457 970 536 asta.

128 569 325 646 Coeiitibus
338 569 394 645 sed
407 591 506 669 grata
524 570 588 644 diis
602 569 653 644 est
674 569 743 646 sola
764 570 923 650 voluntas

126 681 312 782 Obsequio
333 681 451 758 testata
469 682 531 781 pio
554 676 723 780 cultitque
745 683 912 780 probata:

127 793 194 866 Sic
210 793 356 868 studium
374 793 501 867 nostrae
519 791 584 866 tibi
602 792 876 868 commendabile
888 795 995 870 musae

122 905 266 981 Officio
290 925 470 1006 acceptum
490 906 649 1003 cupimus
665 904 872 1006 gratiamque
890 908 1010 984 videri.

121 1018 290 1094 Tellenas
309 1041 416 1116 nugas
429 1013 467 1088 bc
483 1037 594 1116 gerrae
613 1041 699 1091 vana
715 1019 848 1092 Sicanae

119 1131 172 1204 N
172 1133 286 1205 omina
299 1129 353 1202 fac
365 1130 538 1227 superent,
547 1153 625 1228 quae
643 1131 813 1204 mittimus
827 1132 1111 1232 atquedicamusr

116 1242 188 1315 Tu
202 1243 353 1342 pretium
367 1263 474 1340 ponas
488 1239 603 1315 animo
618 1239 776 1341 votoque
787 1241 947 1338 dicantis,

116 1356 215 1431 Non
230 1352 375 1446 nebulis,
400 1349 578 1452 ventisque
597 1353 682 1430 datis
699 1353 737 1428 ὃς
751 1355 908 1430 inanibus
922 1357 1026 1450 auris,

114 1466 220 1561 Qus
235 1467 302 1541 tibi
324 1463 497 1540 conclusas
511 1488 620 1536 novus
637 1465 764 1538 AEolus
779 1466 914 1541 utribus
930 1467 1048 1544 offert.

112 1579 322 1652 Extenuare
338 1573 406 1648 tibi
425 1595 498 1644 non
513 1569 725 1668 amplificate
740 1597 897 1672 paramus

88 1683 160 1767 ‘N
163 1690 270 1779 ostra,
296 1707 361 1758 nec
379 1680 496 1756 orandi
512 1679 675 1757 consueta
693 1682 862 1757 extoliere
880 1683 977 1782 lege:

108 1800 241 1879 Verba
258 1797 389 1888 damus,
418 1791 598 1869 verbosum
616 1792 654 1868 &
678 1819 766 1896 opus
781 1820 876 1872 nunc
891 1817 1010 1874 mente
1025 1823 1105 1876 rno-

280 1933 397 1985 vemus
407 1937 420 1992 3

107 2023 244 2122 Qraiia
268 2047 347 2122 quae
362 2018 455 2096 balbi
473 2014 645 2092 dictantur
662 2041 751 2090 voce
771 2017 925 2118 magistri

106 2135 259 2210 Citratis
274 2133 401 2234 pueris,
426 2153 491 2203 nec
508 2133 575 2229 jam
593 2149 776 2204 cantantur
792 2128 947 2230 ephebis.

106 2250 196 2328 Nos
208 2245 314 2320 obelis
334 2246 438 2318 etiam
456 2241 613 2343 quaedam
636 2241 862 2341 configimus,
887 2244 923 2313 in
938 2263 1009 2343 quo

104 2355 281 2432 Austores
299 2379 419 2430 vereor
445 2377 570 2428 nenos
590 2354 760 2453 juguliffe
779 2356 921 2452 jocetur

101 2470 331 2545 Rhinoceros
347 2466 481 2564 aliquis,
506 2489 578 2538 non
597 2461 785 2538 confodiffe
802 2462 932 2538 verutis

102 2583 267 2667 Enetos,
289 2577 369 2652 esset
386 2572 470 2652 citm
488 2596 582 2652 tanta
601 2575 739 2649 licentia
758 2573 839 2648 ferri

101 2688 298 2779 Omnibus,
321 2689 358 2762 &
381 2686 497 2786 paflim
518 2685 676 2790 jugulate
694 2689 838 2787 impune
856 2684 989 2760 liceret.

101 2803 187 2880 Nos
205 2801 335 2876 etenim
353 2799 475 2892 ferme,
499 2823 568 2897 quo
583 2820 742 2899 tempore
758 2798 859 2874 tristis
875 2799 1028 2896 Erinnys

100 2911 145 2986 In
165 2913 296 2988 ferrum
318 2913 410 2986 cives
436 2909 522 2984 odiis
544 2910 719 2983 furialibus
733 2913 822 3009 egit,

100 3023 309 3124 Scripfimus
327 3025 405 3098 haec
423 3022 536 3098 subito
554 3023 655 3094 nimis
671 3021 837 3121 indigesta
850 3022 987 3101 labore:

99 3129 368 3234 Confestimque
384 3135 490 3209 chaos
502 3128 772 3235 glomeratamqr
788 3135 928 3235 agmine
940 3133 1091 3224 turbam,

98 3241 219 3342 Atque
236 3248 431 3328 iteratarum
448 3267 639 3346 nugantem
660 3272 837 3325 murmure
852 3273 995 3344 vocum,

98 3353 293 3435 Immemor
309 3357 484 3434 interdum
501 3383 583 3460 quas
601 3383 697 3436 mens
713 3363 905 3455 revocavit,
928 3356 1048 3460 inepte

99 3465 315 3542 Miscuimus.
367 3471 464 3546 Nam
482 3467 566 3546 citm
588 3471 705 3548 studiis
727 3470 942 3574 gravioribus
956 3468 1039 3543 erret

97 3573 202 3656 Mens
220 3578 339 3674 aliena,
361 3580 456 3656 maiis
470 3585 593 3683 patriae
617 3585 862 3658 communibus
884 3599 1005 3676 aegras

97 3685 279 3774 Auxuiun
295 3689 407 3794 uobis,
432 3691 607 3797 armique
624 3695 751 3775 levatio
768 3686 901 3783 moesti,
926 3799 956 3882 P
1041 3798 1067 3874 u

957 3825 1040 3878 ervo
1068 3835 1085 3856 ·
