2668 4454
234 175 324 274 '108
385 161 585 304 Epistola
616 169 754 261 Aur.
793 167 1028 264 Munerr

224 343 263 420 di
277 343 379 432 ratio,
390 359 492 437 quam
505 339 700 434 &propropter
712 349 854 421 vocant,
878 330 994 406 eadem
1010 329 1109 432 piane
1127 355 1208 434 quae

226 459 264 534 in
288 459 341 548 iis,
365 443 570 550 quosmodb
587 443 776 534 nominavi,
800 441 907 535 libris,
932 445 970 518 δε
985 466 1150 544 praeteree
1169 448 1208 520 in

224 563 454 666 antiquiffimo
467 558 529 633 illo
543 553 763 657 epistolarum
775 553 968 648 Ciceronis,
979 558 1075 656 cujus
1088 581 1207 640 exem·

223 680 322 780 plum
348 675 475 750 abhinc
508 667 694 743 triennium
716 663 911 762 divulgavit
943 667 983 738 Ρ.
1000 665 1203 750 Visiorius:

222 811 326 890 quern
335 781 474 885 quidem
487 777 624 855 cbmex
636 776 749 875 alique
766 795 863 875 parte
873 778 1133 876 exprimendam
1143 802 1203 858 cu·

222 902 382 992 reverim,
407 919 478 968 non
494 911 611 966 tamen
625 887 698 962 sum
714 889 808 963 ausus
833 887 1003 989 perpetub
1023 891 1059 964 id
1079 890 1205 985 facere,

221 1035 267 1086 ne
283 1012 389 1086 nimia
406 1005 462 1078 illa
478 1005 611 1078 novitas
637 999 818 1100 (srquidcm
838 1025 929 1074 nova
940 1000 1087 1074 dicimus
1100 1004 1205 1078 etiam

219 1147 273 1215 ea,
297 1143 376 1220 quae
392 1113 477 1190 ciun
492 1132 609 1188 vetera
624 1111 702 1207 snt,
726 1113 787 1186 diu
802 1110 846 1186 ab
865 1112 974 1188 oculis
1003 1111 1040 1186 δι
1069 1111 1113 1186 ab
1143 1114 1203 1190 usu

205 1231 405 1306 nominum
419 1223 614 1312 abfuerunt)
628 1222 810 1297 lesioribus
823 1221 860 1296 ἃ
876 1245 1009 1300 moram
1021 1226 1203 1326 objiceret,

219 1341 258 1417 &
273 1338 463 1416 molestiam
483 1354 626 1436 pareret.
676 1331 730 1406 Ut
755 1351 902 1424 taceam,
930 1333 1026 1432 qubd
1043 1336 1200 1434 quaedam
1323 1405 1324 1410 ,

219 1456 259 1529 in
291 1453 338 1526 cis
365 1448 459 1524 libris
491 1443 593 1520 inesse
609 1444 731 1544 judico
755 1467 868 1516 errore
895 1442 1026 1542 potius,
1051 1446 1088 1520 δε
1113 1449 1202 1523 vitio

215 1565 357 1640 illorum
386 1581 584 1659 temporum
617 1553 724 1657 quim
750 1557 895 1649 ratione,
932 1555 968 1628 &
995 1555 1202 1635 austeritate

215 1675 431 1775 superiorum
455 1688 613 1768 receptu
649 1671 747 1767 cujus
775 1671 911 1767 generis·
941 1666 1018 1742 sunt
1050 1689 1200 1766 emptus,

209 1789 379 1888 stempas,
417 1781 455 1855 &
494 1780 614 1854 fimilia
647 1804 710 1878 per
741 1777 874 1854 literam
906 1807 950 1879 p:
975 1785 1012 1854 in
1036 1807 1106 1882 quo
1132 1785 1197 1856 im·

217 1897 395 1972 moderere
425 1893 494 1969 suit
517 1913 599 1968 aetes
625 1892 694 1984 illa,
721 1912 762 1966 ut
778 1891 950 1989 solemnio,
976 1895 1013 1968 &
1028 1911 1197 1996 temptare,

214 2004 371 2107 plerique
390 2027 509 2078 omnes
527 2022 606 2078 tum
638 2000 836 2076 scriberent.
887 2003 952 2076 Sed
975 2023 1016 2078 ut
1040 2003 1124 2078 illud
1152 2030 1197 2080 ex

215 2115 340 2190 eodem
359 2115 458 2190 sonte
483 2113 617 2187 fluxisse
635 2133 737 2214 puto,
762 2098 862 2213 qubdx
873 2114 983 2192 literas
1004 2115 1128 2190 multas
1141 2118 1195 2190 in·

214 2247 269 2302 ter
280 2223 313 2298 sc
329 2223 591 2300 commutabant
597 2255 611 2310 3
637 2219 721 2298 cium
743 2223 869 2318 epfirm,
894 2223 931 2296 ὃς
945 2228 1079 2319 optineo,
1108 2251 1195 2300 con·

214 2338 338 2440 tresque
353 2337 535 2436 scribtura,
563 2334 600 2408 δε
626 2335 749 2426 obtare,
772 2333 862 2432 saepe
889 2335 925 2408 in
954 2360 1073 2410 eorum
1101 2336 1195 2418 libris

213 2453 367 2552 legatur:
394 2452 430 2523 in
453 2449 600 2524 eundem
625 2471 806 2522 numerum
830 2446 1036 2542 incluserim,
1066 2454 1193 2525 evieris

212 2585 279 2665 pro
304 2562 437 2652 abieris,
462 2560 500 2632 ὅ(
527 2561 688 2634 bolumm'e
716 2585 779 2659 pro
812 2565 993 2654 volumine,
1024 2558 1221 2662 ejusdem?

214 2697 284 2776 que
303 2672 436 2774 generis
460 2663 647 2744 innumera.
699 2671 796 2747 Nam
816 2670 901 2743 iliud
927 2671 1025 2770 quale
1049 2672 1114 2745 effe
1139 2673 1192 2746 di·
1320 2753 1321 2760 ἵ

211 2811 303 2880 cam,
328 2784 455 2878 nescio,
479 2779 574 2883 qubd
600 2783 776 2876 Iathreeen
800 2783 837 2858 &
860 2783 1055 2862 iathrocinr'e
1081 2781 1190 2884 propex

210 2896 345 2996 semper
364 2892 533 2970 scribebat
545 2893 585 2988 is,
610 2897 707 2991 eujus
723 2919 826 2968 manu
848 2895 905 2968 ille
920 2895 1191 2992 Philippicarum
1318 2967 1319 2970 ,

211 3003 301 3080 liber
325 3005 470 3106 scriptus
503 3003 563 3080 est.
616 3005 680 3080 Ne
711 3005 769 3078 illa
795 3005 934 3103 quidem
967 3005 1192 3102 exprimenda

210 3118 323 3210 duxi,
353 3119 512 3216 adficere,
541 3120 719 3216 adponere,
753 3122 924 3214 conligere,
957 3120 1104 3212 conlega,
1137 3124 1190 3193 in·

212 3228 341 3326 lustris,
382 3224 420 3300 &
447 3229 548 3324 talia,
591 3249 650 3302 aut
682 3252 799 3318 ecum,
834 3230 988 3321 relicum,
1019 3233 1189 3324 locuntur,

212 3337 348 3431 cotidie,
371 3359 452 3438 quae
482 3360 600 3415 tamen
627 3363 700 3424 non
726 3333 874 3434 ejusdcm
904 3339 1060 3438 generis,
1092 3345 1188 3438 cujus
1316 3419 1317 3424 ,

212 3451 283 3544 illa,
306 3449 371 3523 esse
392 3447 507 3537 duco;
532 3467 592 3524 rut
618 3447 688 3540 illa,
713 3449 943 3520 immemoriem
966 3472 1031 3548 pro
1060 3452 1094 3521 in
1120 3473 1186 3522 me·

213 3566 370 3653 moriam,
393 3555 534 3658 firmme’
558 3559 593 3655 st
624 3582 690 3658 pro
705 3554 837 3654 flemme
871 3558 935 3656 est,
966 3556 1006 3632 ὅ(
1036 3557 1185 3634 fimilia:
1252 3614 1255 3620 ·

212 3666 274 3746 cesi
291 3669 368 3745 haec
384 3669 524 3783 quidem
540 3695 611 3747 non
626 3666 727 3790 plane
743 3667 949 3771 aspernenda,
958 3670 1090 3748 censeo.
1105 3782 1128 3856 h
1132 3669 1187 3856 ἐξ
