2668 4454
213 197 307 288 140
343 163 462 266 Vita
491 165 713 260 Frnrnrcr
738 161 963 266 Mortem
985 157 1098 260 Filii.

204 334 282 406 dum
306 358 362 408 nec
379 332 489 405 creet
508 329 701 402 melarini
716 327 836 416 editas,
861 325 1002 400 Metello
1019 329 1192 400 Lutetiam

202 445 346 538 me'stfflt,
370 457 408 514 ut
424 441 615 524 ederentur3
642 459 722 532 quar
740 440 796 512 ille
811 437 976 534 steppreffit
990 442 1112 513 Allatii
1134 464 1191 512 no·

204 561 291 630 mine
312 553 377 649 fieb
400 553 514 624 codicis
543 552 687 622 Remni
719 551 815 622 titulo
839 550 1038 642 publicavit.
1089 551 1193 653 Qud

194 665 465 762 subindieaudurn
496 667 556 760 eſje
583 661 722 757 censuit,
755 678 793 734 ur
817 661 930 757 sciant
957 666 1010 734 rei
1031 665 1189 740 literaria

194 779 330 875 fludiost
351 775 554 870 politiffimas
570 776 742 862 orationes,
765 773 870 844 Leone
889 773 965 846 illas
984 771 1189 868 typographis

194 893 397 994 fieggerente‚
422 888 513 982 cusas
528 884 642 985 fuiffe.

251 1003 424 1076 Triennio
442 999 521 1098 post
535 996 723 1073 absolutam
739 993 878 1068 Libanii
890 991 1190 1072 editionemmor·

201 1131 241 1189 te
276 1111 415 1188 tandem
450 1109 619 1184 occubuit
654 1106 840 1182 Fodericus
872 1105 1038 1182 Morellus
1068 1119 1085 1152 ²
1107 1134 1190 1184 ann.

204 1233 312 1324 1630.
338 1246 387 1322 27
398 1224 481 1318 Jun.
507 1223 564 1294 cui
589 1220 648 1292 uni
678 1218 714 1292 id
738 1215 867 1292 merito
888 1216 1030 1316 obtigit,
1053 1237 1095 1290 ut
1124 1244 1191 1293 eo·

203 1336 283 1412 dem
307 1355 466 1433 tempore
490 1331 665 1430 regiorum
683 1329 981 1428 typographorum
1003 1327 1111 1425 praelo
1133 1353 1189 1403 ar·

202 1446 519 1548 ehitypographus,
540 1445 766 1541 interpretum
778 1442 815 1516 &
829 1439 1054 1544 profeilorum
1069 1445 1191 1517 cathe-

202 1556 434 1634 draedecanur
446 1553 612 1656 praeesset.

249 1667 410 1742 Uxorem
429 1667 572 1740 duxerat
592 1663 769 1740 lsabellam
782 1665 992 1763 Leodegarii
1008 1663 1190 1758 {Quercu

200 1779 238 1850 in
260 1779 382 1876 lingui
406 1777 535 1852 Latini
560 1775 754 1874 professoris
779 1775 1001 1876 Adrianoque
1018 1779 1188 1854 Turnebo

197 1887 389 1965 amicillimi
407 1889 540 1975 filiam,
566 1913 645 1988 quae
665 1889 880 1982 mortuaest,
905 1885 988 1962 cum
1007 1888 1077 1988 ipse
1092 1889 1109 1940 b
1122 1891 1186 1968 Li·

198 2001 293 2080 bauii
309 2003 586 2101 interpretationi¹
602 2025 744 2100 operam
763 2002 876 2076 daret:
902 2000 947 2074 eb
972 2002 1127 2098 aequiore
1150 2030 1187 2077 a·

199 2115 298 2186 nimo
329 2111 486 2186 orbitttis
513 2112 744 2186 infortunium
774 2111 925 2203 laturus,
957 2109 1066 2210 quod,
1101 2112 1186 2189 dum

197 2222 333 2326 privati
356 2223 517 2322 conjugis
535 2222 670 2322 jaeluri
686 2221 910 2315 mactabatur,
935 2224 1186 2323 rempublicam

197 2335 382 2412 literarium
399 2330 491 2408 foetu
512 2332 584 2412 hirc
599 2334 793 2410 Libaniano
811 2353 963 2432 augeret,

248 2445 412 2540 Fervido‚
429 2471 500 2546 quo
511 2449 643 2522 animus
659 2450 731 2548 ejus
748 2444 993 2520 incendebatur
1009 2446 1189 2544 inureres,

196 2556 308 2636 amori
325 2557 429 2629 etiam
454 2559 639 2655 innuptiis
663 2556 846 2650 consuluit,
872 2554 910 2628 ὃ(
927 2558 965 2630 in
989 2559 1079 2658 regii
1098 2583 1185 2656 pro·

197 2669 328 2746 sessoris
347 2669 478 2756 familie
498 2668 560 2744 fibi
588 2669 746 2770 quaesrv'it
776 2669 999 2774 affinitatem
1026 2671 1114 2746 adeo
1145 2694 1188 2748 ut

197 2781 461 2858 matrimonium
477 2781 628 2856 voluerit
644 2784 848 2858 contrahere
873 2808 946 2858 non
968 2784 1060 2858 aliud
1080 2784 1185 2883 quim

230 2945 244 2978 ⁸
260 2951 297 2998 La
308 2949 397 3002 crille.
414 2959 471 3012 pug-
486 2955 540 2996 ιω.
557 2945 601 3012 qui
616 2945 675 2998 liliis
687 2946 758 3012 hujus
770 2945 880 2998 federici
896 2960 1039 3008 annumerat
1050 2947 1186 3002 claudium

198 3025 381 3090 typographum
399 3026 425 3076 oe
445 3022 634 3089 bibliopolam
662 3041 737 3093 quem
756 3024 860 3092 suspicor
875 3025 994 3087 confirndi
1005 3041 1062 3076 eum
1074 3025 1185 3076 claudio

166 3147 169 3152 .
197 3102 309 3154 Morello
323 3101 432 3157 claudii,
449 3104 492 3168 qui
500 3101 610 3152 Federiei
621 3101 697 3154 frater
707 3117 767 3162 erut,
779 3102 851 3153 filio:
866 3102 896 3152 de
909 3117 959 3170 quo
970 3101 1061 3168 postea.
1095 3100 1106 3132 ⁵
1119 3105 1186 3156 Paul.

198 3173 325 3239 colentes
338 3177 477 3240 particular.
495 3193 553 3245 pag.
567 3188 621 3235 trt-
637 3179 699 3230 edit.
717 3196 789 3240 ¹709·
821 3179 877 3246 J'ay
890 3180 971 3245 appris
984 3177 1015 3228 de
1029 3181 1065 3229 M.
1079 3175 1186 3241 Voffius,

197 3271 246 3324 que
258 3251 357 3306 rederie
368 3257 452 3306 morel
461 3257 606 3306 travailltnt
619 3253 657 3308 sur
670 3255 797 3314 Libaniur,
814 3259 920 3322 quelcun
938 3257 978 3322 luy
991 3256 1044 3308 rint
1058 3255 1119 3313 dire.
1135 3267 1184 3322 que

198 3331 225 3386 sa
234 3333 328 3384 femme
339 3325 403 3396 ltoit
415 3329 466 3382 fort
480 3330 631 3388 maiades}
647 3348 715 3402 quoy
726 3334 744 3383 il
762 3335 894 3398 repondit3
913 3334 940 3394 Je
954 3335 1004 3396 n'ey
1017 3336 1066 3396 plus
1078 3349 1119 3398 que
1129 3336 1185 3380 deux

196 3427 225 3466 eu
243 3415 295 3458 treis
311 3411 401 3474 periodo
415 3411 545 3467 arramire,
564 3421 623 3473 apres
637 3414 682 3457 cele
694 3416 718 3474 je
734 3412 800 3471 t‘ieey
822 3413 879 3462 vair.
913 3413 1024 3479 Qreleun
1038 3425 1183 3466 retournant

198 3488 240 3552 luy
258 3487 318 3543 dire,
333 3487 424 3556 qu’elle
441 3488 493 3538 a’en
511 3489 593 3546 alluit,
603 3492 629 3548 je
644 3488 694 3547 εἰ]
709 3491 758 3552 plus
774 3505 815 3555 que
828 3493 884 3538 deux
901 3503 964 3548 nors,
980 3489 1017 3550 dir
1034 3492 1062 3550 il,
1072 3493 1110 3554 sy
1121 3495 1185 3552 serry

198 3563 249 3624 atrffi
264 3563 303 3621 ¹⁰st
321 3579 362 3627 que
375 3581 436 3618 urus.
462 3564 536 3618 enfin
549 3579 650 3616 comme
661 3581 695 3616 on
707 3569 749 3634 luy
767 3569 820 3618 viot
831 3579 965 3625 annoncer,
980 3583 1029 3635 que
1051 3569 1075 3620 sa
1089 3569 1182 3620 femme

197 3637 268 3706 estoit
287 3655 379 3704 morte,
394 3645 444 3709 j'en
462 3647 509 3708 serie
523 3645 569 3694 lien
588 3660 670 3706 marry,
693 3645 840 3714 repondit-il
857 3643 1026 3722 imment,
1048 3647 1126 3710 e’ester'r
1141 3661 1181 3693 une

195 3718 258 3780 lente
265 3717 354 3786 fem

1099 3787 1176 3861 lite·
