2682 4508
294 162 411 264 Vita
449 161 687 256 Stnonrs
724 161 1000 265 Cottum.
1081 207 1140 304 13

162 332 353 434 prefforum
376 325 536 422 teutone,
561 326 795 500 manuscrigtis
813 330 951 430 quidem
971 357 1042 409 non
1063 363 1142 414 otn-

162 427 265 505 nibus
288 430 341 504 led
357 429 487 529 aliquot
511 429 635 518 innixi,
659 451 725 502 con
738 452 871 530 urgere.
922 433 972 508 At
990 435 1141 512 homini·

162 542 228 616 bus
240 541 402 616 libertatis
417 536 610 641 autpotiirs
625 539 776 618 licentiae
797 536 879 614 cum
895 543 932 615 in
950 545 1141 642 cogitando

162 671 238 726 tum
263 652 300 724 in
332 649 506 750 loquendo
530 647 775 749 scribenddque
803 655 967 755 patronis,
989 655 1140 734 infirmae

162 760 286 832 mtioni
318 758 585 860 indulgentibus,
618 758 688 832 hoc
713 757 808 833 dolet
832 761 958 860 aliquid
980 765 1017 837 in
1040 765 1141 846 sacris

160 868 282 944 Bibliis
305 873 456 970 reperiri,
482 894 552 970 quo
568 869 624 943 illa
644 869 768 942 nostrae
784 871 959 971 religionis
972 899 1138 978 compro.

55 1069 57 1076 y
157 979 284 1054 bentut
310 981 491 1081 mysteri25
519 1005 680 1081 quorum,
704 983 782 1080 quia
807 1006 845 1056 ea
864 983 1007 1059 minimd
1034 989 1138 1065 intel·

158 1086 285 1188 ligunt,
307 1091 363 1164 vel
385 1117 513 1166 nomen
529 1117 594 1192 pro
612 1091 672 1166 suo
692 1093 839 1191 imperio
856 1115 1020 1194 superent
1036 1127 1136 1200 pror.
1219 1173 1221 1177 ,

79 1287 87 1291 ,
156 1201 208 1276 sus
223 1203 370 1278 abolere.
422 1205 458 1277 si
482 1204 616 1277 homini
632 1204 669 1277 in
684 1201 717 1275 se
734 1203 771 1275 δε
790 1201 854 1276 suis
873 1208 934 1278 vix
952 1206 1026 1282 satis
1050 1236 1135 1288 ocu·

155 1313 227 1389 lato
242 1314 280 1389 δε
301 1313 420 1414 saepius
439 1312 611 1413 infipienti
635 1339 707 1388 non
722 1313 824 1388 liceat
838 1316 876 1386 in
897 1316 977 1389 Deo
995 1317 1033 1392 &
1047 1320 1135 1396 divi·

156 1428 209 1499 nis
227 1424 355 1526 aliquid
374 1427 534 1525 ignorare
546 1456 560 1512 3
586 1451 658 1499 non
684 1427 750 1510 erit
777 1425 837 1498 hic
866 1429 903 1502 in
931 1435 1040 1524 terris,
1063 1449 1138 1535 qu'o‘

154 1535 188 1612 se
204 1558 362 1612 exerceat
381 1537 478 1627 fides,
500 1557 560 1635 aut
579 1535 697 1634 postea
714 1538 750 1606 in
768 1534 881 1629 coelis,
905 1538 977 1637 quo
991 1543 1135 1621 rutenus

154 1647 397 1749 progrediatur
409 1649 577 1748 cognitio.
627 1649 747 1740 Parce,
770 1643 891 1739 ledor,
916 1650 991 1726 liin
1006 1677 1044 1727 re
1060 1673 1135 1730 tan·

156 1763 186 1834 ti
207 1760 375 1833 momenti
391 1779 502 1833 tacere
523 1783 594 1833 non
618 1759 818 1858 potuerim.⁴
853 1761 978 1837 Redeo
994 1767 1036 1841 ad
1058 1767 1132 1845 Co·

152 1873 305 1949 linaeum.
539 1968 542 1974 Ι
576 1969 580 1975 ¹

178 1979 380 2060 Hebraicd
407 1983 494 2058 nihil
518 1981 676 2083 equidem
689 1975 815 2084 inveni
841 1981 884 2056 ab
914 2007 957 2057 eo
985 1986 1130 2084 editum,

151 2113 279 2194 praetet
296 2093 455 2178 lineolam
476 2119 579 2168 unam
593 2113 651 2167 aut
664 2091 803 2166 altemm
820 2094 857 2166 in
877 2107 892 2142 ²
909 2093 1040 2171 Erasmi
1056 2103 1131 2176 col·

150 2203 302 2306 loquiis3
330 2203 513 2308 bquorum
540 2215 594 2303 (ut
622 2207 670 2280 ait
694 2203 864 2294 Erasmus)
890 2209 1061 2285 excuderat
1085 2217 1134 2288 ad

149 2326 273 2420 viginti
297 2340 436 2416 quatuor
459 2326 590 2410 millia,
614 2317 670 2392 sed
700 2317 858 2418 theologi
883 2317 1130 2416 Parifiensmd

145 2433 239 2508 libro
263 2433 392 2508 malum
425 2433 584 2531 religioni
611 2433 786 2505 Romanoe
817 2448 1019 2525 metuentes,
1044 2435 1129 2510 notd

146 2540 315 2634 censorie,
339 2541 504 2643 quicquid
531 2545 567 2616 in
593 2565 635 2614 eo
654 2538 876 2618 vitiosum&
900 2541 1128 2640 periculosum

146 2651 229 2752 iplis
241 2653 428 2750 videbatur,
442 2657 691 2755 castigaverunt
699 2683 711 2738 3
730 2650 939 2752 publicitqoe
953 2657 1026 2754 ejus
1037 2679 1128 2754 prae·

143 2763 296 2846 leelione
315 2765 472 2874 collegiis·
482 2765 748 2868 interdirerune
1015 2755 1018 2764 ’
1079 2757 1083 2766 ’
1124 2783 1128 2790 ’

195 2876 376 2954 Colinaeus
393 2888 408 2923 ⁰
427 2901 516 2951 anno
537 2897 644 2974 1522,
669 2873 752 2950 cum
763 2871 912 2949 Novum
924 2873 1126 2950 Testamen-

145 3013 222 3068 tum
239 2992 373 3066 minore
398 2985 513 3064 formd
532 2981 727 3083 excudetet,
753 2985 865 3088 operis
885 2981 949 3057 suis
962 3005 1127 3086 typogra-

146 3102 257 3198 phicis
292 3098 493 3199 praefecerat
524 3093 723 3188 Robettum
757 3090 1009 3194 Stephanum,¹
1029 3098 1127 3196 cujus

148 3229 292 3284 matrem
309 3209 467 3302 duxerat,
477 3212 643 3310 juvenem
660 3206 826 3293 dostum5
850 3199 977 3308 quique
992 3205 1027 3278 in
1045 3205 1127 3276 alie·

149 3319 195 3392 nd
216 3319 357 3395 officinit
385 3316 647 3395 administranda
669 3318 763 3420 spem
785 3311 1009 3390 indubitatam
1029 3309 1127 3383 dedit

143 3429 186 3516 ,&
201 3429 577 3535 specimenegregium,
602 3429 683 3531 quid
705 3431 740 3508 in
757 3427 816 3506 sul
836 3425 927 3536 foret
942 3415 1125 3538 aliquando

175 3628 188 3658 ⁸
205 3633 283 3680 Anno
302 3644 371 3692 1527.
386 3644 442 3698 pag
461 3639 499 3688 ες.
551 3627 563 3659 ⁸
581 3626 723 3682 chevalier.
739 3642 764 3694 p.
780 3603 834 3684 ιή.
884 3613 975 3669 ‘tide
989 3615 1054 3670 nob.
1072 3623 1124 3670 stt·

141 3701 218 3790 plutei
237 3704 391 3792 responderi
408 3707 519 3776 theolog.
532 3701 653 3758 letifices.
671 3718 728 3772 pag.
740 3713 762 3752 t.
991 3767 1123 3870 Praeffi·
