2682 4508
256 147 377 251 Vite
414 139 659 242 Sinnius
697 144 977 250 Constat.
1052 170 1120 280 '¹5

134 328 209 409 urit,
230 341 280 408 ut,
301 323 376 406 quid
394 317 543 401 statueris,
561 339 613 386 me
634 322 737 404 primo
753 341 884 408 quoque
895 339 1039 410 tempure
1052 349 1121 397 ccr-

135 424 254 488 tiorem
276 420 381 502 facim,
399 435 436 484 ut
457 419 512 484 tibi
528 419 741 501 archetypum,
764 420 784 484 fi
800 421 944 488 conditio
959 429 1121 516 placuerit,

134 519 275 594 mittam.
317 516 372 582 Sin
393 518 492 598 aliter,
513 516 576 598 ipse
599 532 725 598 quoque
743 516 782 582 de
810 523 888 584 meir
908 523 998 588 robur
1019 528 1121 610 conli-

138 617 222 688 lium
237 615 368 704 capiam.
410 615 503 682 Vale.
544 610 711 680 Madritio.
753 612 827 682 Cal.
845 616 1001 702 Septemb.

185 823 272 920 Quo
288 842 445 924 tempore
468 824 547 898 lraec
567 821 710 922 epistola
729 822 807 900 data
822 821 877 917 fit,
899 823 984 904 cirm
1011 859 1119 918 annus

134 959 208 1014 non
223 933 439 1027 adscribatur,
465 931 666 1034 conjeiiurlt
682 935 918 1034 reperiendum
935 941 995 1019 est.
1033 946 1118 1024 Cae.

132 1063 206 1122 tera
221 1045 439 1146 Sepulvedae,
463 1036 614 1146 quorum
630 1041 701 1142 ipse
718 1042 769 1118 ibi
788 1049 998 1128 mentionem
1018 1056 1117 1156 facit,

133 1179 178 1234 cx
208 1154 360 1232 Colinaei
389 1156 499 1258 praelo
525 1155 684 1230 exierunt
713 1179 806 1230 anno
836 1178 942 1254 1541.
990 1164 1118 1248 Libros

111 1275 112 1281 ’
130 1285 245 1344 autom
263 1268 454 1346 Aristotelis
473 1266 517 1342 dc
536 1264 713 1367 republica
739 1261 968 1366 &Sepulvede
985 1275 1118 1354 Latine

129 1376 311 1453 conversos
337 1379 376 1452 &
398 1379 586 1478 explicatos
605 1374 815 1457 Vascosanus
836 1379 998 1480 imprellit
1023 1413 1115 1468 anno

133 1483 242 1584 1548.
292 1485 449 1588 Epistola
472 1489 551 1560 haec
567 1485 667 1560 scribi
693 1489 810 1588 potuit
834 1501 1115 1594 ann01544vel

131 1619 257 1694 15455
283 1599 321 1670 &
341 1598 525 1698 quominus
548 1597 587 1670 hi
611 1594 631 1670 ai
652 1595 812 1672 Colinaeo
832 1597 1022 1700 ederentur,
1047 1609 1114 1686 stc·

129 1711 177 1784 tit
197 1707 309 1782 forsan
324 1732 384 1808 per
402 1708 489 1782 illius
508 1728 668 1783 mortem.
718 1707 812 1805 Qrae
828 1714 988 1812 :profeilo
1004 1747 1112 1822 quan.

129 1819 180 1894 do
199 1822 398 1919 contigerit,
421 1820 503 1895 licet
518 1816 656 1894 tantirm
674 1822 858 1921 conjicere.
907 1829 1009 1908 Obiit
1032 1861 1110 1912 cer.

129 1927 168 2004 te
184 1949 403 2006 anteannum
425 1953 534 2030 1550,
544 1955 615 2031 quo
632 1931 702 2028 ejus
719 1931 867 2008 haercdos
876 1936 1024 2016 Novum
1034 1945 1109 2022 Te.

128 2041 335 2116 stamenttun
353 2040 480 2118 Latine*
501 2045 539 2117 in
566 2042 701 2118 minore
726 2041 841 2116 formi
858 2047 1109 2148 imprellerunt.

127 2153 258 2235 Adhuc
271 2176 345 2228 erat
369 2157 404 2228 in
428 2156 514 2230 vivis
530 2179 620 2229 anno
641 2174 747 2252 1545.
772 2164 796 2228 6
816 2153 866 2230 ld.
884 2157 1015 2238 octob.
1034 2192 1108 2268 quo

128 2267 309 2338 Ciceronis
335 2264 440 2356 libros
464 2263 722 2362 philosophicos
747 2264 883 2354 edidit3
918 2269 1109 2376 eodemque

127 2401 219 2450 anno
245 2389 306 2450 10⁰
331 2376 432 2450 Nov.
456 2375 510 2448 die
538 2373 750 2474 Reginaldus
771 2375 945 2454 Calderius
974 2385 1010 2457 in
1034 2390 1107 2488 ejus

125 2485 257 2562 auibus
277 2487 456 2562 historiam
482 2485 661 2560 Ciceronis
683 2485 761 2587 lilij,
785 2486 823 2561 &
841 2489 1001 2569 Claudius
1018 2497 1106 2576 Cal.

124 2597 238 2671 d'eriu's
256 2597 405 2672 Colinaei
426 2619 469 2672 ex
491 2596 564 2671 filit
588 2619 694 2696 nepos
720 2623 764 2672 ex
788 2599 929 2674 officini
955 2605 1104 2686 Colinaei

125 2707 286 2808 epistolas
310 2705 486 2782 Ciceronis
510 2705 688 2782 familiares
714 2705 835 2782 emisit.
885 2711 990 2785 Anno
1013 2741 1106 2816 prae.

23 2899 27 2906 ,
124 2840 219 2894 terea
242 2829 338 2918 1546
362 2820 452 2918 apud
476 2821 653 2894 Simonem
672 2817 869 2893 Colinaeum
891 2821 981 2896 edita
995 2827 1103 2903 habc-

123 2957 182 3010 tur
198 2929 335 3008 Gallice
359 2929 569 3030 elegantibus
591 2929 720 3002 Italicis
734 2926 982 3008 charastcribus
1000 2937 1034 3011 in
1046 2939 1103 3015 fo.

124 3047 174 3118 lio
194 3041 313 3118 Caroli
337 3041 504 3140 Stephani
523 3039 718 3126 anatomia,
744 3035 800 3110 sed
823 3036 955 3114 nullum
975 3042 1102 3127 librum

123 3151 204 3255 post
227 3174 356 3228 annum
384 3159 477 3247 1546
495 3148 556 3224 sub
577 3151 650 3251 ejus
669 3150 810 3222 nomine
829 3171 885 3222 mc
901 3151 1015 3229 vidisse
1029 3181 1102 3232 mc·

124 3264 225 3338 mini.
271 3261 410 3358 Qiibus
439 3258 625 3339 rationibus
648 3254 749 3332 facile
771 3255 932 3353 inducar,
963 3284 1004 3337 ut
1028 3289 1102 3338 cre-

124 3377 206 3450 dam
224 3372 420 3446 Colinaeum
442 3393 515 3444 non
528 3367 640 3446 miultis
658 3370 736 3471 post
747 3395 874 3446 annum
891 3381 983 3469 1546
1005 3371 1102 3450 fuiffe

123 3483 336 3564 defun&um.

174 3593 340 3688 Nullam,
362 3597 414 3672 uti
428 3594 587 3689 arbitror,
611 3590 711 3672 sextis
727 3591 866 3667 masculi
890 3589 1022 3690 prolem
1046 3619 1101 3669 re·

122 3706 224 3812 liquit
237 3707 425 3790 Colinaeus.
474 3707 594 3786 Unam
615 3707 718 3806 hujus
738 3703 846 3780 liliam
868 3703 907 3777 in
924 3700 1101 3778 Calderio·

187 3839 190 3844 '
1021 3831 1100 3885 rum
