2682 4508
131 214 133 218 ,
221 94 343 232 Ινίκα
366 128 689 220 Mrcunrtrs
713 118 1060 224 Vnscosnnt.
1094 161 1156 261 25

11 325 15 384 i
111 321 112 324 ’
165 295 391 402 querebatur,
414 288 595 364 secundam
626 313 699 362 non
728 286 804 362 fore
831 287 1026 390 ingratam:
1053 321 1156 400 quam

57 422 63 431 '
164 409 290 486 scribit
307 401 497 478 Vascosano
515 402 552 472 in'
569 399 685 472 animo
703 397 825 488 fuisse3
850 422 1026 502 nunquam
1044 408 1156 486 adhuc

165 519 328 621 equidem
353 511 436 589 vidi.
487 509 609 584 Edidit
634 505 728 584 certe
750 535 841 584 anno
872 535 968 612 1554
992 517 1155 596 Latinam

169 629 363 706 Aristotelis
387 626 614 726 politicorum
633 623 967 724 interpretationem,
991 627 1046 704 sed
1062 629 1155 728 dJa.

169 739 259 815 cobo
276 741 441 816 Lodoico
459 735 615 813 Strebaeo
633 731 855 811 elaboratam.

217 849 401 926 Vascosani
425 847 516 923 fama
536 852 609 949 jam
624 844 693 922 late
708 849 926 927 increbuerat
946 851 1037 951 apud
1055 875 1152 932 exte-

164 985 244 1048 ros3
276 987 342 1034 noc
357 958 470 1034 sollrm
490 958 627 1034 suorum
652 959 884 1058 popularium,
908 958 967 1036 sed
989 963 1153 1066 alienige·

167 1097 286 1147 narum
303 1097 411 1176 opera
429 1071 493 1145 suis
510 1071 626 1170 praelio
646 1067 862 1170 subjiciebat,
886 1082 903 1118 ²
925 1069 1074 1148 Edvardi
1099 1079 1152 1150 vi·

164 1183 291 1260 delicet
300 1185 489 1278 wodani,
513 1178 532 1272 P*
550 1181 588 1254 &
613 1177 802 1254 Cuthberti
820 1179 993 1256 Tonstalli
1016 1185 1152 1260 Dunel·

163 1295 288 1372 menfis‘
306 1294 471 1398 episcopi.
907 1367 911 1376 ,

215 1407 434 1498 Editionem‚
459 1431 560 1508 quam
586 1405 767 1496 ‘curavit
793 1401 881 1498 Julii
902 1401 1044 1482 Caesaris
1068 1405 1150 1486 Sca·

162 1517 266 1618 ligeri
292 1521 583 1594 exercitationum
599 1517 643 1590 de
665 1515 852 1590 subtilitate
877 1517 919 1590 ad
940 1517 1151 1616 Cardanum,
1248 1584 1250 1588 .

165 1633 295 1704 mirum
329 1633 366 1701 in
392 1629 536 1704 modum
561 1628 711 1704 celebrat
730 1627 901 1728 Josephus
933 1624 950 1676 ‘¹
974 1630 1149 1731 Scaliger:

163 1761 233 1813 nec
257 1741 400 1812 omnino
418 1740 437 1812 d
455 1741 635 1841 proposrto
655 1743 721 1816 erit
745 1741 907 1832 alienum,
933 1738 958 1814 fi
976 1741 1150 1845 adjiciam,

166 1850 249 1949 quid
275 1850 387 1946 julius
419 1853 599 1952 Scaliger,
635 1877 803 1953 magnum
827 1851 911 1925 illud
944 1856 1149 1931 criticorum

163 1960 294 2053 lumen,
320 1961 357 2034 in
382 1960 441 2036 sua
460 1963 503 2036 ad
521 1955 754 2036 Vascosanum
770 1959 916 2062 epistold
940 1963 1084 2038 editioni
1095 1965 1148 2040 su·

160 2093 259 2146 anun
280 2076 569 2150 exercitationum
590 2071 738 2175 praefixal
749 2073 793 2147 de
804 2072 880 2175 ipso
897 2071 1044 2150 senserit.

161 2287 203 2372 ll

203 2285 274 2372 {dot
282 2283 902 2375 utttttttattatottatotatdotottnor
920 2286 1000 2371 sb..

160 2485 746 2588 M1cunnn1lsascosnuo
774 2491 951 2586 Juttus
973 2488 1148 2575 easta

492 2615 745 2696 Sontrcta
773 2614 810 2694 S.

162 2779 278 2934 CU
288 2779 332 2847 M
350 2783 488 2866 primum
510 2789 649 2854 nominis
664 2790 727 2856 mei
737 2788 901 2872 specimen
916 2791 998 2854 olim
1016 2789 1077 2855 tuis
1092 2810 1146 2858 au·

248 2879 365 2963 spretis,
391 2897 426 2945 ut
455 2883 499 2945 ita
519 2884 631 2963 dicam,
663 2885 757 2949 fuerit
778 2889 1015 2970 inauguratum:
1036 2889 1145 2956 eadem

160 2987 300 3064 fortuna,
321 2973 399 3062 quae‘
413 2995 484 3042 tum
502 2980 578 3043 milri
594 2993 660 3042 tam
676 2979 808 3065 benigne
826 2981 914 3062 favit,
939 3003 1025 3050 nunc
1040 3005 1147 3054 tecut-

160 3097 248 3148 rente
282 3081 350 3146 fa'to
381 3077 522 3160 quodam
543 3091 631 3142 tuam
653 3077 762 3158 fidem,
788 3096 927 3160 operam,
950 3079 1144 3167 diligentiam

162 3179 200 3242 de
217 3182 339 3263 integro
368 3169 535 3242 cnm'mel
557 3175 706 3260 dignitate
727 3178 903 3259 conjunxit.
937 3179 1032 3265 ,Quid
1057 3187 1144 3247 enirn

163 3274 239 3342 mihi
257 3274 360 3359 potuit
379 3274 640 3352 honorificentius
663 3274 802 3358 evenire,
822 3273 918 3359 quim
933 3297 1020 3346 natas
1038 3277 1143 3342 videte

195 3470 209 3498 ⁸
224 3475 262 3522 De
273 3471 392 3524 different.
404 3472 504 3526 anirnal
521 3487 591 3532 1552.
646 3473 659 3502 δ
676 3473 855 3528 DeEuchnrist.
877 3489 947 3536 1554.
966 3475 992 3522 oc
1009 3469 1140 3538 compend.
1250 3497 1253 3506 =

157 3549 185 3600 ln
204 3545 327 3600 Aristotel.
344 3551 416 3600 ethic.
434 3565 501 3612 1554
562 3561 661 3610 ειςςγ.
720 3555 894 3622 ᾱεεαὶἱςεηη.
917 3557 985 3604 1669.
1011 3562 1138 3614 pagam·

157 3628 182 3679 le
192 3627 255 3678 livre
268 3627 300 3678 de
314 3643 375 3682 moa
391 3645 447 3698 pete
460 3644 475 3681 a
490 3625 532 3682 ete
547 3629 599 3684 sort
618 3629 799 3700 bienimptimd
816 3630 832 3680 a
848 3626 927 3683 Patist
944 3623 963 3673 il
979 3627 1023 3692 ¹²⁹7
1039 3627 1139 3698 ΜΨ*

156 3705 189 3760 tle
200 3705 291 3761 santet.
322 3739 325 3748 .

704 3793 732 3858 E
995 3790 1138 3857 lucubra-
