2678 4436
203 195 295 303 142
416 161 674 313 Catnlog'n's'
698 165 962 279 Librorum.

344 366 410 445 pro
426 342 557 417 Milon.
574 367 657 417 cum
673 361 746 416 not.
796 365 833 438 4.
949 341 1051 421 Vasc.
1081 364 1169 446 1541

341 478 409 556 pro
425 455 520 528 Sext.
538 452 645 527 Rosc.
662 477 743 527 cum
764 473 839 528 not.
864 476 902 550 4.
952 455 1054 531 Vasc.
1083 477 1170 555 1441

341 591 407 667 pro
421 566 511 666 Leg.
528 565 653 640 Manil.
669 589 750 640 curn
768 584 841 638 not.
865 589 902 662 4.
951 567 1053 643 Vasc.
1083 583 1172 667 1441Ι

220 722 223 727 -
338 676 548 778 proCoelio‚
561 696 725 750 cumnot.
739 672 775 749 8.
794 676 883 752 S.C.
900 700 1006 777 1534.
1018 700 1053 773 4.

950 789 1050 894 Vasc.
1083 807 1180 887 1544

340 913 407 999 'pro
423 897 534 972 Arch.
551 922 631 972 curn
649 908 724 970 not.
772 909 809 990 4.
952 895 1055 996 Vasc.
1084 919 1177 996 1543

339 1021 405 1108 pro
424 1006 551 1102 Qtint.
569 1033 650 1082 cum
667 1025 742 1080 not.
792 1024 829 1101 4.
952 1005 1051 1080 Vasc.
1083 1029 1175 1107 1543

336 1135 404 1216 pro
420 1117 460 1188 P.
477 1118 574 1189 Sext.
591 1141 672 1190 curn
690 1132 764 1190 not.
813 1135 848 1208 4
953 1115 1053 1188 Vasc.
1082 1135 1180 1219 1444·

1254 143 1298 217 f

339 1225 377 1298 in
387 1223 508 1299 Vatin.
524 1251 605 1298 cum
624 1245 698 1298 not.
746 1246 783 1319 4.
953 1224 1055 1299 Vasc.
1083 1249 1179 1326 1444
1276 1251 1277 1254 ’

339 1335 486 1436 respons.
502 1339 538 1409 in
548 1335 681 1410 Sallust.
695 1335 732 1410 &
746 1332 880 1409 sallust.
893 1335 1056 1412 invefflv.

387 1451 424 1521 in
442 1448 559 1523 Cicer.
574 1473 655 1522 curn
673 1467 747 1521 not.
795 1469 831 1543 4.
953 1447 1053 1524 Vasc.
1084 1468 1172 1546 1541

339 1560 438 1634 Eaed.
464 1557 612 1634 Gallice.
662 1555 698 1632 8.
956 1559 1179 1658 S.C.1537

342 1670 427 1745 Adt.
444 1669 602 1744 Turneb.
632 1674 668 1743 in
679 1672 781 1771 jocos
802 1671 991 1745 Ciceronis.
1016 1694 1052 1767 4.

573 1781 695 1856 G.M.
725 1803 831 1877 1555.
858 1778 892 1854 8.
942 1781 1055 1856 EM.
1085 1803 1181 1879 1594

192 1893 313 1966 Sencc.
331 1891 528 1968 Declamat.
545 1917 625 1966 cum
644 1911 835 1964 comment.
860 1891 923 1964 fol.
949 1890 1052 1967 Vasc.
1082 1917 1180 1992 1549

191 2003 270 2078 Tit.
297 2004 379 2078 Liv.
404 2005 589 2079 conciones
612 2029 694 2077 cum
724 2024 798 2076 not.
851 1999 885 2078 8.
954 2002 1176 2106 S.C.1532·

241 2111 390 2185 Gallict't.
417 2111 451 2184 8.
949 2115 1051 2191 Vasc.
1081 2129 1177 2218 1567

191 2219 474 2296 Declamationes
489 2219 526 2292 &
538 2219 645 2294 theses
663 2221 839 2296 Nancelii.
857 2219 892 2294 8.
919 2226 976 2296 Cl.
994 2229 1052 2298 M.
1084 2239 1179 2304 1600

192 2332 378 2408 Orationes
393 2329 532 2406 diversae
550 2330 723 2404 Lambini.
747 2352 784 2426 4.
824 2331 909 2406 Vid.
932 2331 1050 2405 G.M.
1081 2347 1178 2435 1564

299 2489 302 2494 ·
361 2453 467 2540 1565.
516 2440 913 2539 Benen.11566.1568.
943 2466 1049 2543 1570·
1079 2468 1174 2545 1572

192 2552 278 2626 Adr.
295 2553 453 2627 Turneb.
472 2555 612 2644 Oratio,
638 2549 721 2626 citm
738 2554 774 2626 in
790 2553 921 2628 Tusani
933 2554 1051 2630 locum

240 2661 400 2738 suffectus
416 2664 476 2737 est.
528 2661 562 2737 8.
937 2667 978 2740 F.
995 2669 1053 2740 M.
1084 2691 1176 2770 1595

192 2771 248 2866 Jo.
261 2774 393 2848 Ferret.
409 2772 728 2892 Pedem.Auditum
741 2772 812 2848 visu
825 2774 994 2874 praestate.
1018 2801 1053 2874 4.
1199 2819 1201 2822 ·

953 2887 1056 2962 Vasc.
1085 2909 1178 2988 1539

548 2996 677 3102 Cicero
699 2999 806 3098 potita
820 2997 967 3100 elegans.
1013 3017 1050 3089 4·
1149 3033 1155 3044 '

447 3110 450 3118 ·
787 3135 789 3142 ·
949 3103 1050 3181 vase.
1080 3127 1176 3208 1540

192 3221 294 3295 Orat.
319 3203 426 3312 Joan.
449 3221 521 3294 Sar.
548 3219 721 3322 Zamosc.
737 3219 780 3295 ad
796 3219 916 3322 chr.
937 3214 1052 3293 Vates.
1102 3266 1104 3270 ι

242 3331 337 3430 neg.
375 3346 411 3422 4·
935 3328 978 3402 F·
993 3329 1051 3402 M·
1082 3347 1173 3429 1573

344 3439 477 3516 stanin.
500 3439 672 3529 Carncov.
689 3440 859 3541 Panegyr.
878 3439 920 3514 ad
936 3441 1049 3514 chr.

388 3551 500 3627 Vales.
530 3573 565 3648 4.
613 3551 715 3626 Vasc.
743 3574 850 3652 1574.
901 3546 1049 3627 Gallico.
1080 3571 1176 3647 1574

342 3659 488 3738 Aubcrt.
503 3662 546 3739 de·
560 3685 656 3766 pecc.
704 3683 742 3759 4.
931 3652 973 3734 F.
992 3659 1048 3736 M.
1079 3669 1174 3756 1560

1032 3779 1171 3858 Perion.
