2682 4508
254 125 370 225 Vita
404 125 694 252 Gutrainr
727 121 994 242 Monntrr.
1059 163 1122 264 41

152 279 369 382 iniquitas&
390 285 536 388 angustia
554 288 667 364 cerarii
682 309 743 359 non
756 285 987 384 permiserunt,
1010 305 1048 360 ut
1067 295 1128 366 illa

147 397 271 473 liberal
256 403 352 482 litate
367 398 549 496 frueretur.
597 387 736 474 Locum
760 395 884 468 hunc
873 417 1049 498 integrum
1079 399 1128 475 le-

149 501 240 579 nori
259 505 342 606 subj
333 531 421 584 rcere
440 533 510 594 non
528 509 664 608 piguit,
691 529 762 580 non
779 503 916 582 tantum
933 505 1029 608 quod
1045 513 1128 588 huic

152 611 234 690 infit
257 613 381 708 nib&
399 619 440 692 ad
464 599 753 713 commovendam
778 618 1027 697 miserationem
1053 621 1128 696 effi·

153 752 242 804 carr:
267 728 323 806 sed
347 737 453 810 etium
478 751 519 808 ut
540 736 623 810 hinc
644 733 774 808 eluceat
786 733 929 809 Moreln
952 737 1130 832 meritum,

153 825 233 918 mdc?
245 827 463 929 indubitabile
487 845 524 918 ὃς
541 843 787 942 deplorandum
805 843 996 938 tatamen
953 851 1051 948 cujus
1074 851 1128 922 in-

151 932 369 1036 clemenciam
386 957 482 1032 nulla
499 955 558 1030 sua
575 955 701 1055 culpa
693 981 729 1030 ιιι
753 953 785 1030 se
801 978 1040 1047 converterat3
1067 959 1127 1034 de·

150 1083 248 1152 mum
267 1085 306 1140 ut
330 1069 420 1172 nihil
436 1067 627 1175 quicquam
650 1068 695 1141 de
718 1067 824 1166 regiae
850 1065 1058 1145 liberalitatis
1073 1095 1127 1148 er·

149 1193 205 1270 ga
211 1157 389 1254 literatos
380 1205 416 1254 m
443 1165 558 1270 Gallii
578 1175 710 1286 semper
728 1172 887 1276 spedatae
906 1176 999 1255 fama
1017 1179 1127 1256 detra·

149 1287 265 1381 hatur,
290 1315 369 1396 qpae
389 1289 527 1390 quidem
545 1314 616 1373 non
628 1290 758 1381 deerat,
782 1285 837 1360 sed
854 1313 917 1389 per
935 1287 1053 1366 civiles
1078 1291 1130 1384 (in

148 1399 273 1496 quibus
303 1401 390 1481 bene
421 1404 536 1486 meriti
568 1401 769 1512 piceumque
806 1395 895 1495 male
925 1399 1129 1492 multantur)

148 1513 509 1594 motusinterciderat.
569 1557 571 1564 ·

200 1623 372 1728 Morelius
407 1647 496 1730 anno
527 1621 665 1696 circiter
703 1615 815 1717 15580
857 1620 1130 1707 Demosthenem

151 1750 330 1806 oratorum
347 1735 537 1861 principem
563 1747 718 1834 coeperat
736 1732 845 1832 praelo
862 1729 1031 1820 mandare.
1083 1733 1130 1830 Is,

150 1869 197 1918 ne
213 1867 298 1942 opus
314 1848 399 1920 tanti
424 1847 592 1920 momenti
616 1846 812 1920 temerarius
835 1842 873 1916 bt
896 1842 1048 1922 subfidiis
1067 1869 1129 1922 ne·

150 1956 293 2032 cellariis
308 1957 488 2034 destitutus
509 1957 652 2058 aggredi
672 1955 857 2048 videretur,
883 1953 1057 2029 Lambino
1076 1975 1129 2029 te·

150 2066 214 2160 ste,
239 2082 255 2117 ²
278 2075 372 2142 annis
400 2074 524 2165 aliquot
552 2084 724 2163 antequam
753 2065 922 2145 editionem
938 2063 1130 2161 stcsciperet‚

147 2183 211 2268 dno
243 2185 451 2278 exemplaria,
475 2206 575 2254 unum
604 2173 763 2254 Aldinum
791 2181 952 2274 Veneriis,
987 2185 1131 2253 alterum

148 2291 377 2367 Germanicum
392 2295 529 2390 Baſsleae
544 2294 740 2390 impreffiam,
763 2315 834 2363 cum
849 2299 914 2364 otto
927 2295 1062 2390 vetustis
1078 2318 1130 2365 co·

145 2408 270 2483 dicibus
292 2407 518 2508 manuscriptis
542 2429 582 2480 eoo
606 2403 797 2480 bibliotheca
820 2401 911 2500 aegid
938 2401 1131 2498 depromptis

144 2519 378 2615 diligentifflmb
397 2521 532 2591 contulit
549 2516 620 2590 ἃς.
670 2517 839 2603 ΙΡνιειιιιιι
849 2511 989 2620 fabalia?
1013 2516 1130 2608 quein

148 2633 287 2724 Ulpiani
312 2633 545 2712 commentariis
565 2625 660 2730 usque
684 2626 789 2698 adbuc
818 2625 969 2720 impreffls
988 2649 1049 2695 non
1077 2647 1131 2694 re·

1145 2159 1148 2212 l

140 2745 322 2838 pariuntur
344 2741 413 2822 &a
437 2744 472 2812 in
489 2765 579 2814 oram
599 2735 859 2836 transcripsirat.
907 2735 975 2806 His
993 2733 1035 2818 ὅ
1053 2735 1131 2810 aliis

141 2853 366 2950 facultatibus
386 2854 563 2944 neceffariis
588 2849 757 2944 instructos
778 2850 864 2940 operi
887 2859 958 2916 tam
973 2848 1129 2940 preclaro

148 2989 263 3040 manus
278 2964 428 3050 admovit
448 2963 519 3046 &m
545 2961 587 3044 ξεῖ
607 2961 759 3056 quamdin
782 2957 964 3052 reipublice
986 2971 1129 3053 tempora

149 3082 307 3169 tulerunt,
331 3091 424 3149 tanto
444 3074 553 3170 studio
576 3074 612 3142 in
641 3067 679 3139 id
704 3065 774 3149 &n
812 3067 957 3138 incubuit
983 3066 1053 3149 &a
1090 3082 1129 3139 ut
1185 3057 1188 3064 ’

152 3189 317 3268 editionem
337 3185 431 3286 usque
455 3187 503 3260 ad
524 3186 700 3272 orationem
727 3179 769 3257 de
799 3177 886 3260 male*
910 3181 1008 3261 obiti
1035 3182 1129 3279 legu-

150 3298 245 3372 tione
259 3297 448 3394 perduxerit
460 3295 530 3378 &a
554 3320 637 3374 anno
649 3302 766 3394 1560,
792 3295 863 3369 ciem
881 3319 1004 3392 magna
1023 3293 1129 3383 turba
1203 3301 1205 3308 ’

147 3413 186 3510 in
203 3410 313 3482 Gallici
330 3424 442 3500 coortae
461 3409 531 3493 &a
555 3431 630 3506 opus
644 3432 763 3510 ‘magno
779 3412 886 3512 animo
901 3410 1068 3494 incoeptum
1085 3397 1128 3480 (θ’
1189 3411 1193 3422 “

180 3583 193 3612 ⁸
208 3581 311 3650 Epistol.
323 3583 435 3638 Lumbin.
451 3584 481 3636 ad
493 3583 577 3652 lelior.
592 3586 618 3635 in
632 3583 736 3634 edition.
750 3582 911 3636 Demosthen.
927 3590 995 3634 1570·

600 3656 894 3782 '‘G“
1085 3673 1133 3745 ad
