2668 4454
216 177 278 280 88
341 170 462 276 Vita
493 171 772 269 anan1c1
812 156 1101 260 Monetae

93 399 97 410 .
214 371 253 424 η
267 341 345 420 usus
358 340 483 429 fuerat,
508 332 547 408 dc
563 329 599 401 in
616 329 715 429 quus
730 323 977 428 typographdo
992 321 1211 421 tyrocinium

216 458 299 532 artis
319 453 447 528 fecerat
466 466 543 522 tam,
560 439 696 516 celeber
710 437 953 540 typographus
973 431 1011 506 ἂ
1029 429 1212 532 profeffor.

190 564 374 652 ¹Tusanus
398 555 475 635 sane
501 551 805 656 typographorum
837 546 1016 620 historiam
1045 540 1211 617 scribenti

217 678 255 750 in
276 674 374 750 nullo
391 674 474 747 loco
487 667 553 742 esse
569 689 641 738 non
660 659 795 754 debuit,
821 661 881 758 qui
908 663 1051 758 (praeter
1067 653 1211 727 Federi-

217 815 301 868 cum
321 779 528 870 Morellum)
553 772 795 850 ²Turnebum
812 771 851 846 ὅ(
874 768 1071 845 Henricum
1095 761 1211 836 bSte-

217 903 375 1004 phanum
400 895 526 972 habuit
549 888 747 974 auditoresa
782 906 895 983 neque
933 880 1076 954 lexicon
1108 874 1213 970 (illud

218 1034 274 1090 tot
296 1014 495 1112 vigiliarum
518 1003 619 1108 opus)
647 1000 748 1092 sileri,
786 993 881 1098 quod
895 994 981 1065 vicit
1007 993 1213 1092 praeceden-

217 1131 310 1204 tium
322 1121 535 1212 industriam,
544 1113 801 1190 succedentium
817 1105 1042 1210 provocavit:
1062 1103 1214 1180 &mon-

221 1240 340 1316 stravit
364 1235 444 1326 ill'n,
469 1229 563 1332 quod
585 1225 710 1322 affequi
732 1244 907 1318 nunquam
934 1233 1117 1314 poterant,
1143 1217 1214 1309 his,

221 1352 334 1459 quod,
358 1345 420 1448 qui
445 1341 623 1431 auderent,
647 1336 876 1423 imitarentur,
901 1327 1115 1428 exemplum.
1140 1329 1216 1402 Bo·

221 1466 330 1570 gardo
363 1460 436 1535 laus
462 1454 521 1529 sua
549 1469 763 1549 nequaquam
793 1441 973 1517 invidenda
1007 1441 1079 1534 est,
1116 1439 1215 1542 qubd

223 1603 319 1656 mors
340 1572 373 1647 ei
391 1566 554 1644 inviderit
578 1558 770 1646 difficilem,
794 1579 896 1654 quam
917 1549 1081 1654 generose
1100 1551 1215 1626 ambi·
1326 1551 1327 1628 l

222 1693 298 1784 bat,
306 1687 473 1788 palmam,
489 1678 616 1750 librum
634 1671 677 1746 ab
692 1668 853 1744 omnibus
868 1686 1050 1764 tantopere
1067 1683 1216 1764 exopta·

223 1823 316 1892 tum,
329 1817 401 1870 tam
419 1791 542 1865 utilem
554 1786 727 1872 futurum,
739 1780 802 1853 suis
818 1781 910 1880 typis
920 1778 1125 1852 excudendi.
1152 1779 1213 1851 De

223 1901 477 1988 accuratiffima
501 1890 645 1974 cumin
667 1894 801 1966 Latinis
828 1912 905 1964 tum
927 1892 965 1964 in
981 1890 1120 1966 Graecis
1142 1894 1214 1989 ejus
1320 1883 1323 1893 '

224 2017 407 2122 diligenti&
429 2011 604 2109 ambigere
615 2030 687 2079 non
702 2005 881 2106 patiuntur
896 2002 1006 2076 multa
1021 2000 1111 2094 satis,
1135 2026 1215 2102 quae

224 2131 359 2233 abipso
380 2129 418 2200 in
435 2123 589 2224 utrique·
601 2118 722 2220 linguai
734 2117 909 2217 eleganter
923 2116 1097 2210 exierunt,
1120 2137 1216 2190 vete·
1326 2133 1327 2174 f

224 2268 306 2322 rum
322 2262 452 2340 opera,
478 2257 543 2308 nec
560 2227 739 2304 dubitandi
754 2227 874 2302 locum
890 2227 1102 2327 relinquunt,
1116 2231 1217 2330 quin,

226 2351 255 2434 sr
285 2353 399 2429 fuill'et
432 2343 610 2448 superstes,
645 2365 719 2416 rem
760 2336 972 2440 propofitam
1008 2341 1051 2415 ad
1078 2343 1216 2417 exitum

225 2464 450 2567 perduxiliet,
468 2459 647 2536 Gulielmo
665 2449 854 2554 praesertim
872 2451 1027 2526 Morelio
1038 2475 1143 2553 opem
1160 2451 1218 2526 su·

226 2605 282 2656 am
300 2574 484 2680 pollicito,
510 2567 664 2669 cumque
685 2587 851 2671 praeterea
869 2570 957 2642 inter
980 2591 1039 2642 eos
1065 2567 1219 2642 accessis·

226 2693 277 2769 set
304 2683 560 2792 typographica
587 2681 739 2755 societas.
791 2679 857 2754 Sed
890 2679 1029 2754 Carolae
1058 2681 1219 2758 Guillard

229 2806 269 2880 δε
286 2804 454 2876 Federico
472 2795 627 2872 Morello
652 2794 762 2868 fatum
780 2815 852 2871 erat
872 2795 963 2868 hanc
982 2796 1122 2897 adipisci
1137 2798 1219 2898 glo-

227 2919 338 3003 riam;
364 2932 571 3006 materterae,
595 2909 689 3010 quod
706 2933 815 3010 nepos
833 2933 877 2982 ex
889 2907 1004 2982 sorore
1014 2907 1220 3009 susceperat,

228 3024 352 3113 finire;
379 3023 547 3126 discipulo
573 3023 776 3112 literarium,
810 3046 914 3120 quem
942 3039 1142 3119 praeceptor
1165 3025 1219 3100 fe-

228 3154 337 3229 cerat,
361 3135 492 3209 foetum
517 3134 626 3208 edere.
678 3131 823 3224 Sicilia,
849 3128 1218 3229 grandesui&sexi1s
1326 3159 1327 3162 ’

229 3245 269 3321 &
290 3243 408 3318 saeculi
430 3243 547 3336 decus,
570 3241 683 3317 voluit
707 3239 878 3316 laboribus
900 3237 978 3334 suis,
1002 3265 1090 3340 quos
1106 3245 1152 3316 ‘in
1177 3245 1219 3318 cri

227 3377 302 3435 arte
317 3355 364 3428 ab.
391 3353 531 3427 ineunte
547 3353 653 3452 usque
671 3357 746 3453 jam
765 3350 891 3425 saeculo
916 3350 1077 3426 indefeffa
1098 3375 1218 3455 pertu-

227 3467 328 3558 lerat,
354 3459 460 3536 finem
472 3492 485 3549 ς
513 3463 572 3534 hic
600 3459 678 3555 suis,
701 3488 788 3562 quos
804 3465 846 3538 ad
875 3485 1018 3562 vergens
1035 3461 1139 3563 usque
1156 3461 1218 3538 sae·

262 3641 358 3726 ‘'che
375 3638 439 3707 ptius
451 3656 475 3708 p.
494 3648 533 3703 48.
586 3638 597 3674 Β
614 3644 682 3710 Lege
704 3642 801 3710 epistol.
817 3651 894 3700 Heni.
914 3641 998 3710 steph.
1018 3655 1077 3695 aare
1093 3641 1217 3694 Herodot.

156 3800 158 3804 ‚
228 3715 403 3770 Latrnoexcas.
418 3732 477 3768 ann.
494 3725 564 3776 1566.

1098 3794 1218 3870 culum
