2668 4454
280 172 400 277 Vita
434 173 709 265 Fruuntur
741 171 1021 270 Monrrtr.
1076 213 1138 311 93

161 491 207 574 C.
225 491 278 572 V.
307 491 471 586 Jonnnrs
487 486 688 567 Morum
711 482 946 585 Ebredunaen
973 486 1019 574 δι
1032 494 1146 576 Fruu-

216 634 306 692 mer
334 610 532 690 Momm
563 605 748 718 Campani
778 609 1015 724 typographi
1041 620 1147 728 regii,

168 827 170 832 ,
220 733 410 843 corruptor.

161 952 263 1029 Dum
279 953 373 1030 cudis
387 953 426 1028 T
427 952 584 1028 umulum
594 953 687 1047 Jani,
710 952 885 1047 Federice,
910 959 1066 1057 Morelli,

212 1063 338 1138 Pallida
354 1088 449 1139 mors
466 1087 586 1138 verum
604 1084 639 1136 te
662 1083 768 1137 vocat
788 1064 830 1137 ad
851 1070 1035 1144 tumulum.

163 1167 332 1274 Dumque
346 1174 440 1274 typis
456 1172 591 1248 mandas
604 1173 745 1268 Janum,
758 1173 788 1246 F
788 1173 937 1268 eunice,
949 1201 1126 1282 receptum

212 1286 317 1360 Sedes
337 1289 375 1359 in
390 1283 535 1384 superus,
558 1283 672 1384 sydera
697 1285 735 1360 ἃ
754 1285 825 1385 ipse
848 1290 947 1386 petis.

162 1396 316 1473 Virtutis
333 1397 446 1472 studiis
462 1395 575 1499 jundti
596 1395 634 1468 &
653 1395 826 1494 probitate
844 1398 1001 1495 Moressi,

209 1509 267 1595 Ut
280 1513 370 1586 bene
387 1515 562 1598 vixerunt,
586 1505 633 1578 fic
650 1507 765 1580 obiere
788 1505 857 1607 piri.

462 1746 531 1832 Έις
550 1739 611 1830 rtis
631 1736 746 1830 adru‘f.

156 1930 224 2017 ’Ἕω
242 1929 369 2030 Ἰωάννῃ,
393 1930 540 2026 Φεδεόκῳ
567 1937 592 2003 τ’
609 1923 668 2000 erin
687 1934 841 2030 Μοςὲὶλοις

211 2042 314 2136 Κκφῆ,
339 2048 376 2123 vir
395 2043 501 2126 θνηῖοἴς
517 2039 720 2120 'nimirum
746 2051 856 2129 Φίλοις.

568 2195 570 2202 v
645 2159 714 2226 ded.
732 2154 890 2252 qurtn&
908 2161 924 2228 ὅ
937 2162 1089 2250 nodedu.
1184 2219 1186 2226 ,

161 2382 219 2456 Ex
239 2381 292 2455 his
307 2378 455 2454 dilucidd
474 2376 642 2480 probatur
656 2375 862 2449 Fodericurn
875 2377 1064 2454 Morellutn
1080 2408 1143 2482 pa·

159 2511 250 2566 trem
262 2517 352 2566 anno
373 2487 439 2590 158
447 2513 463 2590 3
484 2489 623 2576 obiiffe3
648 2485 717 2580 sed,
742 2482 826 2560 curn
844 2485 902 2561 hic
921 2488 1050 2565 disertis
1063 2518 1142 2568 ver·

1 2615 2 2634 ³
157 2603 213 2678 bis
233 2599 419 2676 affirmetur
434 2601 556 2676 eodem
585 2625 676 2674 anno
700 2599 758 2674 illa
773 2600 809 2672 in
828 2600 929 2693 Joan.
947 2603 1142 2682 Morellum

159 2711 338 2813 epitaphia
359 2711 403 2784 ab
432 2711 504 2811 ipso
531 2710 630 2786 fuisse
650 2711 741 2810 typis
765 2709 935 2802 mandata,
960 2706 1143 2813 ipsumque

157 2823 231 2924 ipso
249 2845 356 2921 opere
373 2818 410 2893 ἃ
426 2823 499 2894 viti
515 2821 613 2894 simul
631 2820 847 2914 defundutn,
872 2825 908 2894 in
921 2821 1065 2896 dubium
1080 2851 1140 2900 ve·

158 2933 231 3004 nire
247 2929 374 3032 potest,
395 2929 452 3001 cui
469 2928 635 3001 Federico
647 2930 815 3022 Morello,
839 2926 974 3028 patrine
992 2955 1034 3005 an
1050 2930 1139 3030 filio,

63 3125 66 3128 ,
159 3039 400 3143 adjudicentur
432 3038 512 3115 libri
541 3041 631 3113 inter
654 3065 781 3114 annum
809 3034 896 3138 1581
929 3045 1019 3142 (quo
1042 3063 1141 3144 pnter

161 3147 235 3230 filio
252 3152 374 3229 ceffiffe
391 3151 604 3253 typographi
627 3153 715 3252 regii
730 3174 871 3224 munere
889 3147 996 3227 didus
1012 3153 1075 3246 est)
1101 3152 1140 3229 δε

161 3282 285 3336 annum
306 3259 415 3362 1583,
430 3289 501 3364 quo
520 3259 610 3337 idem
623 3261 722 3338 obiit.
748 3261 931 3362 Equidem,
954 3261 1066 3340 donec
1078 3263 1140 3335 ali·

161 3368 246 3471 quid
261 3375 382 3449 certius
394 3376 564 3469 noverim,
587 3377 714 3474 opinor
727 3394 873 3474 patrem,
896 3374 957 3450 suo
972 3393 1139 3473 typogra-

159 3481 225 3583 phi
245 3485 331 3583 regii
341 3483 446 3559 titulo
464 3487 500 3558 in
518 3483 630 3558 filium
643 3485 818 3578 transsato,
833 3481 1046 3585 typographi
1061 3503 1142 3556 mu-

158 3617 241 3668 nere
262 3591 297 3667 se
310 3616 522 3695 nequaquam
542 3591 721 3688 abdicasse,
745 3594 803 3669 sed
821 3594 857 3665 id
883 3591 926 3663 ad
945 3608 1139 3668 extremum

158 3699 264 3804 usque
296 3703 380 3782 ritae
409 3701 557 3796 limitem
584 3703 742 3791 curiffer
782 3701 820 3774 &
854 3696 941 3776 nihil
973 3701 1140 3823 impedit,

955 3827 1138 3909 quominus
