2682 4508
965 13 971 92 i

634 149 769 287 (x)

210 305 471 400 innotescant.
527 305 641 392 Huic
671 309 786 420 operi
816 307 1003 395 haiienus
1033 301 1212 398 intac'to

211 469 350 532 manus
378 443 568 540 admovi;
607 471 692 556 quo
713 441 811 526 nihil
836 469 1014 556 unquam
1045 441 1207 529 luben-

201 581 287 666 ‘tiits
316 573 513 688 aggressus
542 575 640 675 sum,
666 576 858 690 quoniam
894 578 1015 688 (dum
1040 579 1084 665 in
1106 581 1201 668 hac

208 717 328 800 areni
345 736 413 796 me
432 713 627 818 exerceo)
647 697 912 796 charissimam
929 711 1095 800 subinde
1113 739 1200 826 pa-

208 850 327 937 triam
358 843 543 944 revisere,
587 844 631 928 dc
667 829 761 929 cum
793 846 893 933 meis
926 851 1197 960 popularibus

207 978 435 1070 familiarius
461 976 604 1060 versari
633 977 733 1062 mihi
755 976 909 1064 videor.
964 977 1031 1065 Εὸ
1060 983 1192 1070 etiam

206 1114 358 1204 facilius
369 1111 510 1196 datum
525 1110 575 1195 iri
588 1110 736 1195 erranti
750 1111 905 1200 veniam
919 1111 1050 1224 spero,
1067 1117 1190 1229 quod

205 1276 331 1340 nemo
363 1249 444 1332 hoc
480 1247 559 1330 iter
596 1245 840 1355 ingredienti
874 1247 1006 1332 sacem
1031 1271 1188 1362 praetu-
1253 1281 1266 1302 ·

206 1385 309 1472 lerit.
1003 1373 1006 1380 ’

212 1535 217 1542 ’
239 1515 444 1632 Egregiis
460 1517 521 1605 his
547 1515 804 1631 typographis
826 1515 870 1600 id
889 1516 1036 1602 accidit
1053 1516 1184 1603 infor-

206 1656 322 1752 tunii,
351 1672 398 1738 ut
427 1653 498 1766 qui
525 1649 762 1762 scriptorem
794 1651 993 1761 optimum
1021 1677 1182 1738 merue-

203 1783 612 1896 runt‚tenuiffimum
631 1783 733 1869 nacti
753 1811 859 1868 nunc
874 1781 1036 1871 suerint.
1077 1785 1180 1872 Hoc

202 1938 339 2004 tamen
352 1918 445 2002 maii
467 1916 662 2031 quicquid
677 1919 699 2000 a
717 1941 783 2000 me
801 1935 937 2007 ortum
956 1919 1025 2018 est,
1053 1945 1179 2034 quan-

202 2067 453 2164 tumcunque
474 2053 534 2148 fit,
554 2050 610 2134 ita
626 2049 781 2146 levabo,
801 2070 846 2136 ut
866 2051 965 2137 mihi
986 2079 1071 2142 non
1091 2069 1178 2140 tan-

201 2182 422 2270 tummodo
442 2183 551 2267 ultro
568 2182 788 2294 ignoscant,
814 2184 884 2270 sed
904 2187 1088 2298 ingentes
1110 2192 1177 2276 ha·

201 2313 322 2402 beant
356 2313 516 2428 insuper
547 2315 701 2426 gratias.
756 2316 846 2402 Illos
884 2321 991 2404 enim
1018 2321 1175 2410 ineam

201 2449 340 2536 addixi
361 2449 605 2570 clientelam,
635 2441 726 2564 quae
757 2449 956 2560 plus-satis
984 2480 1174 2569 compen-

201 2583 285 2702 set,
299 2583 495 2700 quicquid
522 2607 623 2670 meae
653 2583 878 2696 scriptionis
908 2589 1174 2674 tenuitate&

202 2717 340 2830 inopia
359 2719 407 2802 iis
424 2705 665 2829 deperierit;
696 2715 866 2828 eamque
882 2720 905 2800 i
922 2715 1087 2805 Patroni
1108 2749 1178 2807 au-·

200 2851 392 2936 thoritate
414 2849 556 2935 iisdem
576 2849 766 2936 conciliet
792 2849 953 2950 samam,
985 2879 1107 2966 quam
1125 2856 1172 2940 ab

200 2983 485 3104 historicorum
506 2985 611 3070 cum
632 2981 858 3070 recentium
883 3005 972 3072 tum
990 3008 1181 3079 veterum
1317 3054 1321 3113 ,

199 3113 434 3226 graviffimis
471 3139 519 3232 ac
571 3109 829 3198 dismtiffunis
866 3113 1006 3202 frustra
1045 3117 1178 3232 spera-²
1315 3130 1320 3201 s

199 3233 353 3334 vissent⁴
408 3243 684 3329 Patrocinium
711 3243 802 3330 sane
828 3245 912 3348 ito,
948 3250 1062 3364 quod
1092 3253 1167 3342 vivi
1314 3238 1318 3257 ⁸

199 3376 407 3489 quondam
425 3373 761 3488 experiebantur,
792 3378 899 3465 haud
923 3384 1067 3484 minus,
1089 3385 1167 3475 Re-

200 3506 312 3619 gium
347 3507 523 3607 scilicet,
555 3509 736 3594 ambiunt
763 3509 796 3620 ,ὲ
831 3517 1000 3602 mortuis
1035 3521 1086 3608 ad
1116 3525 1170 3608 vi.

1084 3677 1167 3766 ⁸tan

1302 3746 1309 3929 ,¹

1201 4398 1205 4410 ,
1295 4042 1305 4410 s
