2668 4454
242 167 309 254 72
374 119 493 238 Vita
526 137 789 234 Austnut
821 131 1097 234 Tutatur.
1238 127 1244 144 ’

242 451 525 531 Leoneomrus
553 437 577 538 ὲ
604 435 776 548 Qtnneu
808 441 1000 526 Auumuo
1034 442 1231 529 Turinum

519 562 678 674 collegae
706 561 772 643 suo
800 565 836 646 S.
849 565 890 645 P.
901 567 952 644 D.

222 765 227 772 l
305 791 456 882 lvirttu,
475 787 637 879 studium,
662 785 855 883 ingenium,
880 783 918 859 &
934 807 1051 862 tetum
1067 790 1229 890 omnige.

465 923 586 976 nanim

240 1014 414 1116 Cognitio
432 1004 766 1099 consummatissima,
790 1005 944 1088 laudibus
965 1007 1089 1110 amplis

238 1125 382 1216 Effetri,
404 1139 466 1198 aut
484 1123 588 1194 etiam
604 1117 711 1215 digna
725 1116 885 1195 mercede
902 1117 1010 1213 beari,

239 1240 384 1320 Debent
408 1232 589 1331 (Turnebe
606 1249 865 1322 ornamentum,
889 1230 1055 1330 &gloria
1073 1231 1201 1306 nostrae

239 1351 380 1442 Gentis,
403 1345 440 1418 &
457 1343 611 1442 Europae
627 1340 693 1414 flos
710 1339 873 1430 delibate)
898 1343 1046 1442 paranda

237 1456 434 1550 Ambrosia,
459 1456 496 1530 dt
509 1452 627 1528 nectar·
640 1451 719 1545 tibi,
732 1450 871 1555 surriptu
889 1453 1046 1551 publico,
1070 1458 1107 1530 in
1124 1482 1221 1536 arce:

236 1575 281 1651 In
298 1567 483 1672 medicique
502 1565 582 1642 foro
608 1563 783 1638 statuenda
797 1562 938 1664 infignis
956 1567 1086 1666 imago,

237 1687 309 1762 Cui
326 1701 429 1782 caput
446 1681 663 1755 auricomum
682 1677 790 1748 vireat
806 1675 986 1752 Parnafide
1005 1677 1112 1752 lauro.

237 1801 338 1876 Nam
356 1793 382 1865 st
399 1789 477 1864 albo
499 1783 621 1862 divitm
643 1781 735 1858 reete
751 1783 801 1856 est
822 1785 1009 1887 adscriptus
1027 1787 1172 1886 Apollo,

235 1905 352 2008 Qubd
376 1894 635 2006 perhonorifice}
654 1898 697 1972 de
713 1894 792 1994 ipsis
807 1898 1007 1977 mortalibus
1021 1904 1103 1976 ell'et

233 2021 461 2109 Promeritus,
485 2013 550 2090 tibi
570 2011 645 2110 quis
662 2008 788 2085 sacram
811 2035 882 2082 nou
902 2031 1038 2086 extruat
1058 2041 1165 2110 aram,

233 2132 338 2208 Plura
353 2148 416 2200 tuo
433 2126 537 2224 genio
550 2119 653 2220 quim
668 2119 808 2200 Phoebo
823 2121 1024 2196 holocausta
1041 2147 1223 2226 reponens,

236 2239 333 2317 Cum
346 2234 523 2313 Phoebum
533 2233 553 2308 ὲ
565 2253 666 2333 tergo
677 2233 819 2324 meritis,
831 2254 934 2332 atque
945 2253 1016 2308 arte
1028 2237 1223 2340 relinquas?

233 2354 300 2431 Ille
319 2349 403 2424 olim
420 2346 562 2422 Admeti
582 2345 680 2420 laetos
695 2364 849 2418 armenta
866 2369 928 2445 per
944 2369 1043 2446 agros

233 2460 457 2541 Graminibus
473 2460 582 2557 pavit,
607 2477 647 2530 tu
662 2457 873 2552 magnanimi
891 2474 994 2556 atque
1010 2460 1162 2558 potentis
1318 2499 1319 2534 i

233 2573 417 2654 Gallorum
435 2569 523 2666 regis
540 2571 632 2641 cives
651 2565 889 2666 praestantibus
905 2591 1004 2644 ornas

230 2683 394 2760 Artibus:
420 2679 477 2753 ille
494 2676 694 2752 medebatur
709 2676 891 2768 vibicibus,
914 2676 1038 2780 alphis,

228 2792 455 2884 Vulneribus,
469 2779 837 2888 morbisqj'hominum
846 2819 859 2876 3
886 2807 925 2864 tu
942 2809 1065 2868 trunca
1081 2795 1218 2876 resarcis

229 2905 394 2980 Membra
408 2901 622 2994 libellorum,
641 2899 677 2976 dt
694 2900 824 2994 luxata,
850 2899 887 2974 &
900 2901 1026 2995 tabida,
1053 2905 1090 2976 &
1105 2929 1193 3006 atra,

227 3015 279 3090 Et
290 3015 409 3114 spurca
424 3015 554 3110 illuvie,
579 3035 705 3116 terges,
731 3011 906 3113 reddlsque
925 3015 1041 3088 nitori.

227 3125 293 3200 Ille
301 3123 514 3223 planetarum
527 3127 700 3227 princeps,
711 3145 751 3198 tu
762 3127 943 3198 hominum
953 3155 969 3214 ς,
985 3122 1043 3198 ille
1054 3123 1214 3214 sonoram

225 3234 394 3311 Barbiton
411 3233 431 3307 al
449 3238 549 3311 Maia
564 3240 686 3340 genito
703 3235 826 3332 cepiile
843 3252 998 3332 putatur,

224 3347 288 3424 Tu
302 3341 387 3425 verb
403 3343 545 3422 aMufis
567 3367 672 3425 artes:
698 3345 834 3420 oracula
849 3344 941 3429 fudit

222 3458 303 3552 Ille,
327 3456 384 3534 sed
399 3455 550 3537 obscuris
565 3458 779 3570 ambagibus,
805 3459 843 3536 dc
861 3460 1065 3562 labyrinthis

222 3567 404 3666 lutricata,
427 3571 549 3672 quibus
569 3569 668 3646 torfit
687 3570 840 3674 responsa
859 3576 1029 3669 ferentes,

222 3677 287 3758 Tu
304 3681 439 3789 tripode
454 3707 500 3760 ex
518 3701 616 3762 certo
629 3687 760 3787 promis
773 3685 858 3763 folia
873 3687 943 3790 ipsa
960 3690 1116 3792 Sibyllae,

1144 3799 1319 3876 Tul
