2668 4454
265 148 382 248 Vita
417 148 677 241 Aemus
713 141 988 244 Tvnuceu
1055 179 1118 278 57

122 318 267 390 exitiali
284 311 402 409 furore
423 291 586 415 effrenati
603 309 690 380 cives
706 323 802 378 arma
821 311 1000 404 rapniffeut
1025 309 1120 406 nefa·

117 433 202 519 ria,
223 421 349 520 patrie
365 435 434 495 tum
444 419 527 519 sota
543 437 669 514 gemens
681 419 877 490 levationem
899 418 1043 492 doiorum
1054 422 1119 517 fibi

120 539 141 609 ὲ
183 541 294 610 literis
318 531 489 629 petendam
514 533 572 624 effe
595 527 703 599 duxit.
754 527 912 604 Sedecim
933 528 1120 626 feriatum

111 645 242 740 studia
257 649 384 718 anirnns
398 636 435 718 ab
455 647 579 740 patria
602 639 745 713 cadentis
757 643 927 717 interitura
943 641 1118 740 refugeret,

112 775 192 848 per
209 753 381 852 scrrqtores
398 757 605 852 elegantiores
629 757 715 828 ultro
732 755 872 848 citrdqne
895 758 1050 849 cursstare
1063 757 1123 831 ved

120 873 276 942 volitare
298 873 403 964 cepit,
426 868 469 950 (ὅ
496 883 535 940 ut
562 887 712 961 quemque
743 865 862 938 librum
887 865 1121 962 prebenderat,

120 983 286 1077 quicquid
306 991 346 1054 e'u
369 997 507 1076 ternpore
533 977 704 1078 stubitbque
732 982 768 1050 in
795 996 930 1053 mentem
951 982 1118 1076 veniebat,

120 1093 353 1165 tumultuarii
367 1092 539 1189 scripturi
563 1087 862 1184 comprehendebat,
887 1092 1049 1165 interdum
1064 1115 1118 1168 re·

113 1205 235 1295 petiti
256 1187 430 1298 memorii,
453 1207 582 1298 qua-in
608 1203 745 1299 diverfis
775 1199 968 1273 authoribus
985 1205 1120 1298 legerat,

121 1317 287 1386 nnumin
312 1328 408 1407 eaput
432 1299 639 1410 congerebat:
664 1333 889 1406 nonnunquam
912 1314 930 1384 i
954 1311 1121 1409 chirogra-

114 1422 205 1514 phis
226 1423 382 1499 editiones
401 1423 484 1520 falfi
511 1425 740 1498 convincebat:
765 1422 910 1494 modiin
938 1423 1119 1518 corrigendo

119 1534 316 1628 conjecture
330 1539 450 1625 dabat,
474 1535 515 1614 (3
537 1539 567 1605 ei
584 1535 748 1630 impeustics
764 1532 955 1629 iiberidsque
977 1539 1122 1630 induige-

122 1645 191 1715 bat
201 1674 214 1718 .·
239 1636 326 1742 quod
334 1671 457 1719 errores
472 1671 506 1718 eo
521 1661 658 1740 tempore
671 1645 869 1740 existimaret
883 1648 1038 1720 andabtec
1048 1653 1124 1724 toll·

117 1760 314 1852 pestes-qna
331 1756 471 1831 borsines
492 1760 619 1850 impune
632 1756 765 1852 sciebat
780 1761 899 1830 necari.
948 1760 1120 1834 interdum

126 1873 265 1960 oblitus,
277 1871 369 1963 ¹'qaid
380 1872 457 1942 anti
475 1871 668 1965 annotdffet,
691 1868 776 1942 iilud
788 1868 872 1941 idem
883 1873 918 1942 in
934 1871 1004 1944 alid
1013 1870 1119 1945 'cbar-

125 1983 171 2054 td
194 1969 350 2072 iterabat,
375 1987 482 2054 omnia
511 1983 638 2082 quidem
655 1981 732 2078 feri
752 1985 845 2055 velut
869 1982 959 2078 folia
988 1984 1120 2075 Stbyttae

124 2117 193 2167 non
216 2097 253 2166 in
269 2114 446 2168 nnmerum
471 2095 589 2192 digesta
604 2092 667 2191 sed
694 2097 780 2168 nullo
803 2094 923 2168 dctconc
947 2096 1119 2193 ordinique

123 2203 289 2305 descripta
305 2217 330 2254 ¹²
356 2205 461 2303 [quod
476 2209 518 2290 ὅ
535 2205 600 2302 'ipse
616 2207 655 2276 de
671 2204 710 2301 sc
733 2207 815 2278 biber
840 2209 898 2278 vel
919 2231 969 2280 me
992 2225 1119 2285 tacente

124 2315 302 2410 iudicabit,
326 2308 444 2392 temere
463 2315 702 2413 inconditique]
722 2316 902 2416 scribebat,
924 2318 967 2399 isi
988 2323 1024 2392 ia
1040 2325 1119 2414 pul·

123 2441 251 2498 verem'
257 2417 633 2524 fitqudeabjiciebat:
657 2428 722 2524 qud
733 2431 947 2502 eumcuc'uce
965 2429 1024 2505 boc
1030 2430 1120 2530 sem·

117 2558 184 2632 pec
204 2543 407 2640 religioseque
419 2541 594 2638 servavit,
617 2562 655 2613 ne
667 2540 734 2636 stbc‘
746 2558 808 2634 per
823 2537 1009 2636 cujusquam
1029 2547 1119 2641 inju-
1184 2603 1185 2608 ,

123 2649 1023 2751 riam'vidcreturunquam‘facnamquererevoluiffl:
1048 2679 1120 2730 eam

125 2749 216 2840 enirn
239 2754 468 2834 verecundiam
485 2763 699 2859 pudoremque
726 2760 892 2856 adhibuit,
915 2781 954 2846 ut
977 2764 1119 2844 homines

126 2877 235 2949 domos
252 2865 471 2975 sepenumero
492 2875 694 2969 laudaverit,
716 2873 761 2958 'ii
785 2875 956 2970 honorifici
975 2883 1117 2974 appella.

128 2992 235 3081 verit,
258 2977 425 3082 nunquam
443 2983 689 3082 vituperaverit
705 3004 764 3060 ant
782 2987 1030 3081 reprehenderit.

177 3099 282 3176 Hanc
298 3121 455 3200 operam,
479 3121 558 3197 quae
579 3097 614 3170 in
642 3093 827 3172 duodecim
852 3099 1116 3184 adversariorum

17 3302 21 3314 Ι
128 3210 236 3286 libros
259 3210 485 3301 succreverat,
520 3209 707 3283 Michaelis
737 3209 936 3311 Hospitalis»
958 3213 1117 3289 Franciae

130 3319 322 3394 cancellarii
341 3321 492 3404 ‚nomini
526 3317 738 3418 nuncupavit
765 3347 862 3395 enno
893 3333 998 3422 1564.
1025 3319 1115 3394 ldib.

127 3427 283 3526 Quintil.
304 3429 451 3530 psaefixi
477 3429 723 3532 elegantiffimi
745 3433 890 3533 epistole
913 3425 1115 3530 adjobbque

166 3607 180 3638 ⁸
196 3604 440 3674 Turnebus-nomeu
458 3621 510 3658 nvn
521 3604 618 3674 pcffune
632 3608 662 3658 de
674 3609 713 3660 hin
726 3607 868 3663 advectum
886 3599 1004 3668 ubieffiiu
1017 3601 1114 3669 scotice,

130 3683 249 3751 &loqu
267 3681 343 3752 quum
354 3682 713 3831 umhveipsemodcfflfflmiu.
1093 3754 1115 3828 d

247 3809 251 3816 ·
1072 3781 1092 3828 a
