2668 4454
212 162 277 260 68
339 158 458 262 Vita
489 161 748 254 Aunrnut
781 154 1055 258 Tutatur.

210 449 276 538 Ad
303 439 435 532 clariis.
461 441 507 528 &
529 433 689 556 ampliff.
723 445 848 525 virum
871 441 1197 528 Mrcrrannum

264 577 533 656 Hosvrranurt
552 569 719 648 franciae
733 561 997 646 cancellarium
1011 565 1195 652 Aumnur

261 697 446 782 Tutiam
473 695 620 788 SvuvA,
647 691 725 800 qui
738 687 811 772 hos
831 683 948 770 libros
966 691 1003 768 ei
1023 683 1140 772 dicat.

269 923 285 988 1
303 912 457 994 manibus
479 913 610 1014 poffem
624 911 786 1015 spirantes
806 909 939 1012 fingere
953 932 1059 1004 ceras,

292 1037 348 1108 De
366 1030 466 1108 Pario
484 1029 607 1104 similes
625 1027 649 1102 fi
671 1027 820 1126 scalpere
842 1047 1013 1099 marmore
1029 1026 1158 1124 vultus,

201 1147 240 1220 St
263 1149 345 1218 vivo
361 1141 491 1244 possem
508 1139 638 1214 tabulas
657 1141 807 1211 animare
830 1135 960 1227 colore,

199 1257 345 1334 Ducere
368 1252 393 1327 fi
418 1251 512 1328 facili
533 1253 684 1324 viventes
709 1271 779 1320 aere
804 1245 952 1345 figuram

198 1367 424 1466 Exprimeret
442 1382 477 1436 te
494 1383 584 1451 cera,
610 1359 723 1452 color,
748 1357 845 1457 lapis,
870 1378 972 1456 atque
989 1355 1188 1440 metallumz

200 1477 378 1556 Omnibus
400 1470 508 1573 inque
523 1471 609 1544 locis
628 1489 687 1544 tua
704 1471 797 1543 cives
813 1494 873 1543 ora
890 1469 1065 1557 viderent3

199 1587 251 1670 Et
264 1607 462 1688 pacatorem
484 1601 521 1657 te
539 1580 653 1658 Gallia
667 1599 744 1656 tota
766 1578 923 1670 sacraret,

197 1700 255 1775 Ac
275 1697 385 1772 titulis
404 1693 543 1768 laudum
561 1691 690 1790 legeret
712 1711 936 1765 monumenta
951 1711 1100 1768 tuarum.

196 1806 460 1887 Nostramanus
469 1799 524 1874 sed
541 1801 633 1874 enim
650 1798 799 1880 estrudis
811 1821 913 1902 atque
928 1802 1080 1899 indoeta,
1102 1799 1187 1911 pro·

362 1911 514 2016 bimque

194 2027 384 2107 Materiam
404 2024 537 2100 foedare
560 2023 688 2123 potest,
713 2049 785 2102 non
807 2045 881 2102 arte
897 2025 1019 2127 polire.

193 2139 364 2214 Attamen
378 2137 520 2238 egregia
542 2134 591 2210 est
610 2136 725 2211 nostra
740 2135 778 2211 &
794 2136 963 2237 propensa
974 2138 1147 2238 voluntas,

194 2248 292 2348 Qrae
312 2249 431 2350 gestit,
461 2273 671 2351 quocunque
693 2250 820 2352 potest,
843 2249 877 2324 se
892 2273 1033 2327 munere
1048 2275 1183 2354 gratam

192 2360 399 2438 Exhibuisse
417 2360 505 2438 tibi:
531 2357 621 2435 male
641 2359 873 2463 formavitque
891 2362 1061 2458 dolatum,

191 2469 281 2566 Qro
297 2492 334 2547 te
354 2499 448 2548 nunc
462 2493 655 2566 veneratur,
671 2499 772 2574 opus,
795 2472 994 2578 numenque
1010 2476 1128 2556 salutat

190 2581 282 2680 Quo
298 2583 456 2663 submitsa
469 2604 584 2678 tuum,
608 2584 646 2660 &
666 2587 819 2662 votivam
836 2585 972 2664 dedicat
991 2591 1042 2665 illi

190 2696 385 2773 Informem
401 2699 496 2772 velut
517 2697 672 2798 effigiem
691 2697 913 2801 scabrimque
937 2699 1140 2806 rudemque.

188 2807 355 2894 Rusticus
371 2807 511 2886 indo&
530 2806 733 2885 fimulachra
754 2812 918 2918 exculpta
938 2813 1051 2916 figurai
1151 2855 1157 2864 ·

190 2917 251 2996 Sic
271 2919 385 3017 posuit
399 2921 499 3014 divis,
523 2917 719 3022 trunc6que
737 2919 927 3000 fimillimus
943 2928 1091 3000 Hermes

190 3027 250 3108 Sic
268 3025 495 3106 statuebatur:
523 3031 626 3116 durus
647 3031 694 3107 fic
714 3032 815 3133 stipes
839 3037 875 3106 in
894 3036 979 3110 arvis

189 3136 406 3214 Numinibus
426 3141 570 3217 sacratus
586 3163 671 3236 erat,
691 3139 867 3242 pietasque
877 3141 1051 3240 placebat.

31 3325 36 3352 ἦ
190 3251 250 3328 Sic
267 3249 368 3329 dabat
390 3248 428 3324 &
453 3253 582 3327 Veneri
599 3253 706 3328 luteas
727 3250 929 3348 virguncula
950 3275 1101 3354 puppas:

34 3455 38 3466 y
187 3359 238 3434 Et
257 3359 382 3436 laribus
402 3355 554 3468 suspensa
577 3363 648 3466 pila
673 3361 736 3451 est,
760 3355 928 3460 grateque
949 3384 1100 3467 recepta.

187 3471 225 3546 Si
243 3475 372 3549 meritis
391 3490 525 3572 aequata
541 3475 608 3545 tuis
631 3491 692 3552 tua
708 3495 851 3550 munera
872 3473 992 3572 velles,

185 3579 306 3663 Pieriis
324 3601 454 3660 tentata
469 3581 580 3665 modis
600 3584 741 3660 musave
760 3583 975 3713 pedestri·

33 3677 39 3744 ⁸
185 3685 246 3774 Te
268 3687 521 3796 salutauerat,
545 3695 582 3780 in
601 3693 735 3781 coelum
752 3695 790 3782 ὃς
807 3699 961 3786 carmine
975 3697 1103 3784 fenest

33 3716 46 3836 ἱ
1094 3803 1172 3914 m
