2668 4454
184 163 300 267 Vita
330 153 621 300 Jonnuuts
652 166 981 266 Burro-unit.
1028 203 1117 304 103

141 329 232 426 quafi
253 332 308 405 his
329 328 501 431 primitiis,
526 325 598 400 hoc
614 325 836 404 anniversario
861 329 961 404 cultu
976 331 1125 410 voluerit

138 436 214 514 suos
235 438 369 514 labores
388 439 533 536 reliquos
551 435 760 513 consecrare.

190 549 301 624 Anno
322 545 432 648 15880
454 548 691 643 Februar.15.
715 547 915 624 defunttum
934 573 1014 624 eum
1033 549 1124 628 indi·

138 679 199 732 cat
215 674 232 709 ²
245 661 456 760 epitaphium
473 665 546 762 ejus
560 661 694 735 Parisiis
710 662 746 734 in
759 659 830 734 aede
848 657 963 736 saneti
980 661 1123 758 Hilarii,

138 775 200 850 cui
217 771 338 846 tabulis
362 775 524 846 extremis
540 791 670 846 certam
689 773 857 848 bonorum
875 789 1008 870 partem
1027 773 1123 874 lega·

138 883 207 976 vit,
230 903 272 957 ut
297 907 340 956 ex
367 887 543 958 Romanae
567 882 720 956 eccle'fiae
744 907 840 958 more
865 881 956 958 statis
983 883 1122 983 quibus·

135 994 218 1068 dem
239 994 430 1069 solennibus
451 997 488 1068 in
518 992 668 1092 singulos
692 995 852 1092 deinceps
876 1018 981 1068 annos
999 992 1120 1068 diebus

135 1129 202 1203 pro
216 1104 283 1180 sua:
298 1103 509 1206 suort'tmque
523 1122 703 1206 parentum
729 1103 765 1179 &
785 1105 977 1178 amicorum
993 1107 1118 1180 auimae

135 1218 252 1317 requie
273 1215 366 1292 sacra
384 1215 517 1292 fierent.
1104 1305 1106 1312 Ι

183 1326 342 1402 Scaevola
366 1329 641 1405 sammarthanus
657 1330 694 1404 in
717 1327 868 1403 secundo
888 1328 1119 1430 epigramma·

133 1451 208 1512 turn
226 1438 318 1513 libro
334 1439 378 1513 de
391 1442 574 1516 Bene-nati
591 1459 705 1515 morte
724 1441 794 1512 hoc
817 1437 948 1538 scripfit
970 1438 1118 1516 hexasti-

130 1549 238 1624 chon.

131 1776 202 1851 Per
218 1775 304 1866 vim,
331 1774 459 1876 perque
474 1775 572 1850 dolos
593 1773 686 1850 fatali
703 1775 863 1852 conditus
879 1779 979 1873 uini,

180 1887 345 1962 Mortuus
361 1887 418 1962 hic
436 1881 525 1960 male*
540 1884 628 1978 sum,
656 1886 715 1984 qui
727 1888 934 1961 Bene-natus
947 1913 1052 1964 eram.

129 1997 262 2074 Mortis
278 1997 375 2074 causa
389 2000 531 2088 Venus5
557 2020 635 2071 nam
654 2021 752 2071 caeco
771 1999 915 2072 armavit
930 1997 974 2074 ab
990 1997 1075 2074 aestu

179 2112 223 2184 In
236 2135 293 2184 me
310 2111 422 2186 rivalis
440 2111 545 2186 corda
558 2107 744 2209 mansisque
760 2108 835 2184 feri.

127 2223 169 2296 0
190 2221 251 2296 fati
271 2226 445 2325 ambiguas
466 2222 579 2326 leges!
607 2249 686 2323 quae
702 2221 826 2296 euntia
843 2250 1036 2330 propagans

177 2333 275 2410 Vitae
293 2337 365 2410 aliis
384 2333 481 2410 causa
497 2335 559 2428 est,
584 2333 627 2408 fit
643 2335 730 2408 mihi
746 2333 845 2409 causa
859 2339 962 2409 necis.

174 2539 372 2637 aMeffieuts
388 2547 432 2622 les
450 2549 560 2622 Curez
577 2545 620 2626 &
638 2547 867 2642 Marguillt'ers
885 2546 960 2622 del‘
976 2573 1106 2642 tenure,

123 2645 170 2738 &i
176 2655 334 2752 fabrique
349 2657 387 2728 de
405 2683 509 2749 ceant,
521 2658 563 2739 &
576 2661 660 2730 leurs
670 2655 875 2754 sttcceffeurn
883 2647 1107 2756 sontfitjetsd'

116 2769 304 2864 perpetuiti
323 2767 362 2838 de
378 2769 471 2862 faire
489 2770 621 2842 chanter
636 2769 677 2852 &i
697 2770 834 2844 celebrer
846 2790 914 2864 par
932 2771 1107 2848 chucunan

123 2881 287 2974 lesmefflu
300 2879 343 2960 &
359 2875 517 2976 serviens,
541 2883 690 2973 matites,
714 2879 826 2974 hsures
845 2886 1037 2976 canonialis,
1062 2883 1106 2964 &

114 2989 210 3088 salut
230 3013 315 3086 pour
341 2995 440 3065 l'ame
467 2991 506 3062 de
536 2991 652 3084 disant
674 2991 844 3064 honorabit
868 2989 989 3066 homme
1013 2997 1105 3089 Jean

122 3103 259 3195 Bimae,
284 3129 323 3176 en
347 3104 408 3197 son
438 3105 561 3174 vivant
593 3101 773 3175 marchand
803 3101 952 3197 librairt,
971 3111 1104 3208 maistre

121 3216 322 3305 impriment,
348 3216 509 3308 bourgetis
526 3211 565 3283 de
584 3212 700 3306 Paris,
725 3214 763 3285 de
780 3211 836 3310 ses
850 3233 926 3308 pere
942 3217 984 3298 ὅ
1003 3207 1101 3312 mere,

117 3340 239 3416 parens
269 3323 317 3405 ὅ,
336 3329 418 3410 camis
444 3325 625 3420 tripaffez‚
656 3349 724 3397 aux
744 3324 842 3420 jaurr
862 3327 904 3408 &
922 3329 1022 3426 festas
1045 3333 1102 3422 qui
1179 3323 1181 3328 ’

155 3529 166 3556 ³
188 3534 226 3579 La
245 3529 325 3578 crille
345 3543 425 3582 torum
445 3532 553 3584 exhibuit
574 3535 726 3600 epitaphium
744 3550 800 3588 cunt
815 3533 938 3588 sacrorum
954 3531 998 3596 per·
1019 3546 1100 3589 certos
1127 3555 1131 3562 ·

120 3603 242 3672 senosque
259 3610 390 3672 quotannis
412 3611 462 3660 dies
478 3613 673 3677 peragendorum
689 3607 875 3680 indigitatione.
909 3606 975 3658 iliud
990 3621 1047 3661 etun
1064 3607 1102 3665 la-

120 3682 197 3748 Rstt,
212 3699 245 3738 ne
257 3683 319 3752 quid
328 3684 453 3753 defidstsn
467 3691 592 3756 prolixum
603 3689 739 3757 quamlibet
757 3682 955 3742 communicabo.
1096 3751 1100 3766 ,

797 3853 807 3868 s
909 3773 1099 3874 infitiatum
