2682 4508
229 173 295 266 40
355 131 475 234 Vita
506 131 802 224 Guttocmr
833 122 1107 215 Morem.

227 303 449 410 pensitamus,
474 293 643 372 affirmato
665 289 772 366 aufim
792 287 891 362 illum
915 284 1096 387 plerosque
1113 286 1224 388 supe-

227 417 327 509 riffe,
352 413 438 488 nulli
454 402 550 483 certi
574 400 876 504 typographorum
894 393 1019 472 ceffiffe
1035 395 1227 496 diligentia

228 529 267 605 &
291 520 470 612 industrii,
494 514 620 616 peritii
644 514 682 587 ὅ(
702 511 850 614 judicio,
881 530 940 584 aut
967 511 1005 581 in
1028 509 1224 584 necellariis

225 634 418 736 sumptibus
434 627 607 706 faciendis.
657 625 778 699 Animi
793 624 887 698 enim
908 617 1053 718 penurii
1077 617 1117 692 lic
1139 645 1222 718 par·

228 743 375 824 fimonii
390 743 451 816 vix
469 745 566 842 pejus
582 736 632 812 est
651 735 688 810 &
708 733 975 834 typographicae
1003 730 1067 802 arti
1083 752 1222 804 nocen-

227 863 296 938 tius
320 854 460 944 vitium,
485 871 595 950 neque
624 846 764 946 quidem
790 841 987 945 hujusmodi
1010 836 1223 935 artificibus,

227 962 380 1046 maximi
406 962 595 1063 imperitis,
627 957 835 1034 familiarius.
885 949 973 1026 Inde
1010 949 1120 1052 (quod
1147 949 1219 1022 im·
1321 991 1322 1000 κ

228 1076 367 1182 penlilrs
388 1072 574 1150 dolendum
596 1069 659 1161 est)
684 1066 861 1169 laepiffime
883 1063 1090 1138 evenissem
1110 1079 1218 1162 typo·

227 1191 369 1294 graphio
384 1187 549 1262 illiteratis
558 1180 753 1271 accrevisse,
766 1177 907 1253 literatis
918 1171 1114 1266 decreville,
1129 1173 1219 1246 dum

227 1305 279 1378 illi
303 1303 403 1376 lucro
421 1295 579 1398 proprio,
603 1293 641 1366 hi
657 1290 799 1390 publico
822 1289 919 1364 bono
932 1281 1037 1360 unici
1066 1281 1219 1359 student.

228 1411 323 1490 Illud
354 1401 513 1508 profefiiir
537 1403 656 1480 ardens
677 1425 758 1502 erga
775 1401 889 1474 literas
916 1395 1066 1472 studium
1097 1395 1219 1470 nostro

229 1521 338 1625 (proh
355 1517 468 1620 pudor
478 1516 503 1607 ἔ)
529 1511 638 1589 fraudi
655 1511 722 1586 fuit
737 1507 906 1602 Morclio,
930 1507 1080 1606 quirem
1098 1504 1220 1577 litera-

228 1637 316 1710 riam
332 1629 594 1731 amplificando,
619 1623 818 1698 familiarem
831 1619 1051 1695 comminuit.
1083 1627 1100 1662 ²
1115 1615 1218 1691 Ecce

228 1745 335 1826 verba
350 1737 510 1816 Turnebi
532 1740 568 1810 in
595 1732 739 1836 epistola
766 1733 809 1807 ad
825 1731 992 1810 Carolum
1012 1731 1070 1804 IX
1080 1731 1216 1832 ,Cypri-

228 1857 340 1930 anicae
363 1851 509 1927 editioni
536 1846 694 1948 praelixi.
743 1847 829 1940 Jam
847 1845 995 1940 feliciter
1022 1843 1216 1940 Dionystum

231 1964 508 2066 (Areopagitam)
534 1959 659 2060 ejdsquc
685 1962 892 2053 interpretem
911 1981 949 2030 ac
966 1955 1217 2051 paraphrasim

229 2084 379 2157 ediderat
408 2081 587 2153 Gulielmus
614 2075 798 2150 Marullus:
833 2074 950 2164 Cyrilli
977 2065 1149 2160 catecheses
1170 2073 1219 2144 ad

230 2197 417 2270 umbilicum
442 2193 671 2289 perduxerat:
706 2189 904 2282 Cypriacam
933 2189 1047 2260 maltis
1077 2187 1215 2283 audique

230 2311 413 2408 conquiſstis
443 2305 485 2387 td
517 2307 690 2400 corrogatis
715 2298 963 2394 exemplaribus,
985 2301 1079 2372 libris
1111 2305 1213 2372 etiam

230 2429 375 2511 audam,
393 2419 493 2512 propi
508 2413 693 2514 absolverat
706 2445 720 2502 ς
745 2411 816 2484 cim
826 2411 952 2505 repenti
966 2409 1079 2483 horam
1094 2409 1214 2482 autho·

229 2554 305 2602 rum
320 2530 455 2601 editiori
473 2531 675 2616 immortuus,
693 2523 866 2620 familiam
885 2545 947 2594 aere
966 2524 1071 2594 alieno
1090 2539 1212 2614 coopw

229 2660 314 2739 tam,
343 2664 474 2714 uaorem
489 2640 615 2730 orbam,
638 2639 754 2712 liberos
770 2639 876 2730 inopes
893 2637 1039 2731 reliquit.
1082 2634 1117 2706 Is
1132 2657 1213 2707 nuuc

223 2776 285 2849 pro
306 2753 366 2848 (iad
377 2749 517 2850 familid
532 2753 742 2844 Cypriacam,
765 2751 840 2822 Rea
857 2746 1133 2842 Christiaaiffime,
1153 2746 1211 2817 ab·

95 2885 98 2891 ’
229 2867 330 2956 legat,
354 2889 448 2961 quem
465 2865 501 2934 ia
519 2877 574 2934 tac
596 2865 719 2935 nomiae
741 2881 896 2957 apparere
920 2863 1024 2953 valui,
1046 2879 1109 2954 prr
1126 2860 1211 2932 edm·

230 2989 340 3068 quate
355 2975 491 3071 ficpplca
507 2988 581 3048 arat
602 2973 644 3055 ld
663 2972 817 3070 obsecrat,
835 2973 970 3071 ficorum
986 2986 1024 3043 ar
1040 2973 1212 3044 liberorum

220 3081 410 3180 solitudinis
435 3088 477 3168 &i
493 3091 608 3183 inopiae
628 3086 832 3182 miserearis,
864 3085 1049 3182 aliquidque
1070 3089 1211 3181 elargia-

229 3197 278 3266 ris
293 3195 340 3265 ad
362 3199 578 3290 casaliacum,
604 3222 665 3268 aaa
691 3199 835 3296 nequitid
849 3197 913 3293 sed
922 3197 1031 3292 studio
1050 3197 1124 3266 beae
1145 3219 1211 3268 me·

228 3303 323 3382 rendi
334 3313 545 3400 contractam,
560 3307 709 3380 luendum
724 3327 821 3405 utque
833 3307 1076 3402 diffolveadum.
1098 3307 1211 3380 Eraut

228 3424 261 3488 ci
278 3440 388 3492 anaua
406 3418 430 3488 d
442 3433 541 3510 patre
556 3434 625 3508 tua,
649 3419 857 3516 augastifflma
869 3443 953 3516 rege,
966 3420 1083 3494 Errico
1099 3417 1211 3514 cousti-

230 3538 327 3615 tata3
347 3527 413 3624 sed
428 3525 512 3624 hisce
521 3534 680 3625 proximis
695 3536 789 3605 aunis
807 3537 1018 3605 communiam
1035 3547 1212 3630 temporum

262 3683 276 3716 ‘
294 3689 396 3756 Menag.
409 3692 586 3748 inarari-baill.
602 3705 664 3746 tom.
679 3709 699 3748 r.
718 3709 773 3762 pag.
787 3709 844 3755 251,
860 3695 886 3746 δι
903 3709 960 3754 ²5²·

1090 3765 1211 3856 iaiqur'·
