2668 4454
195 175 263 263 74
322 137 439 240 Vita
471 139 732 230 Aurrrur
765 126 1041 256 Turuurr.

193 311 293 384 Felix
308 306 365 380 ille
381 305 444 381 tud
460 302 576 402 potuit
594 298 654 394 qui
669 321 758 371 voce
773 296 906 370 Latinis

194 422 346 514 Institui,
372 411 595 514 Graecisque;
623 409 714 485 haud
734 409 791 482 ille
804 409 955 508 requiret
971 405 1138 498 Athenas,

194 533 300 609 Haud
318 531 460 616 Latium
477 520 724 624 Romamque:
751 521 851 596 beata
867 519 1010 594 Lutetia
1027 521 1114 592 tanti

195 642 358 719 Moribus
374 635 584 740 ingenioque
600 638 675 711 viri.
729 634 811 726 Sed,
835 634 958 726 amice,
982 632 1108 704 futuris

194 753 346 829 Consule
360 748 587 852 temporibus,
610 747 778 823 scribendi
791 746 899 821 multa
913 744 1068 818 laborem

196 865 350 966 Suscipe,
374 887 440 938 nec
455 860 574 937 dubita
591 861 717 936 chartis
732 856 904 949 mandare,
927 854 1129 955 sequentum

195 977 291 1072 Qrae
306 977 445 1051 veniens
460 995 541 1050 aetas
561 971 603 1047 fit
620 974 783 1048 miratum
802 989 982 1067 nepotum.
1075 1055 1079 1064 1

195 1087 297 1162 Aude
311 1110 477 1186 magnum
495 1083 635 1185 aliquid,
647 1083 761 1183 quaeso
782 1090 874 1179 (nam
890 1081 982 1182 posse
999 1073 1174 1179 putamus)

195 1201 247 1276 Et
261 1221 413 1276 veterem
427 1200 537 1300 longo
555 1197 727 1298 possessam
754 1216 910 1295 ternpore
926 1193 1074 1293 palmam

195 1311 377 1414 Extorque
394 1310 529 1386 Graecis
545 1305 728 1408 ltalisque:
760 1328 800 1381 ut
815 1309 954 1404 propria
972 1303 1060 1377 sicut

195 1425 400 1516 Armorum,
425 1420 473 1507 fic
491 1417 533 1496 sit
552 1418 742 1496 studiorum
765 1415 875 1516 gloria
892 1415 1002 1492 nobis.

223 1702 423 1796 JOAcH1MI
449 1699 614 1776 Burrau
640 1698 806 1775 carmina
829 1699 870 1772 in
905 1699 1145 1776 notationem

491 1822 659 1898 nominis
683 1816 880 1897 Touuuur.

277 2053 372 2151 Opia
387 2053 445 2124 cui
462 2066 558 2124 tanta
575 2048 638 2144 est,
661 2051 758 2128 tantas
777 2052 835 2148 qui
852 2049 977 2125 disserit
991 2072 1075 2147 arte,

351 2161 489 2264 Cuique
498 2160 585 2238 adeo
595 2163 645 2238 est
659 2168 720 2238 uni
737 2161 896 2238 clausa&
911 2188 1028 2266 aperta
1044 2191 1173 2260 manus,

195 2274 266 2350 Cui
281 2272 346 2349 sese
361 2295 479 2350 natura
494 2299 626 2377 parens,
651 2271 852 2374 coeiquue
869 2275 1027 2372 recludit,

244 2383 383 2486 Cuique
405 2389 536 2486 agitans
553 2385 682 2460 molem
698 2385 833 2486 spiritus
851 2385 941 2461 intus
956 2387 1028 2480 alit,

197 2496 272 2591 Qui
288 2520 371 2572 cava
384 2496 557 2597 perspexit
572 2496 702 2572 telluris
721 2495 861 2589 viscera,
886 2493 1012 2599 cuique
1027 2498 1076 2574 est

245 2607 401 2706 Cognita
418 2608 610 2706 Erythraeis
625 2629 721 2682 eruta
732 2631 870 2707 gemma
885 2611 990 2706 vadis,

196 2715 272 2814 Qri
292 2717 473 2795 volucrum
500 2717 629 2818 species
654 2721 774 2811 varias,
798 2719 1063 2823 hominumque,
1088 2721 1174 2798 sera·

391 2823 551 2930 uimque,

138 2959 143 2970 ’
243 2942 292 3016 Et
307 2945 406 3021 novit
421 2940 584 3044 quicquid
600 2940 747 3018 nascitur
758 2969 902 3037 oceano,
946 2971 954 2985 ν
1014 2973 1017 2980 ·

175 3115 176 3118 ,
196 3047 272 3144 Qui
286 3051 408 3129 didicit
419 3053 563 3156 plantas,
576 3051 760 3155 stirpesque
770 3054 958 3154 herbasque
970 3054 1127 3151 salubres,

245 3161 294 3246 Et
314 3163 478 3262 quicquid
493 3163 611 3265 passim
628 3165 758 3240 daedala
774 3187 862 3240 terra
882 3186 990 3262 cruat,
1028 3161 1029 3166 ’

197 3272 267 3348 Cui
286 3291 400 3362 terrae,
423 3269 614 3373 traditisque
625 3275 739 3367 maris,
762 3275 819 3348 cui
835 3272 950 3374 sydera
966 3277 1063 3371 coeli,

245 3384 316 3459 Cui
334 3379 444 3456 radius
460 3401 578 3476 notus,
602 3383 762 3477 circinus,
787 3385 825 3460 δε
840 3411 1014 3483 numerio,

197 3492 378 3594 Tempora
392 3491 452 3596 qui
472 3493 571 3594 novit
592 3491 716 3592 longos
732 3494 863 3597 digesta
886 3522 947 3597 per
962 3524 1080 3594 armos,

246 3603 295 3676 Et
309 3599 597 3718 sac-rqdzcleges,
619 3603 656 3678 &
672 3610 728 3711 pia
740 3609 818 3712 jura
839 3631 990 3711 patrum2
1051 3697 1054 3706 ,
1092 3661 1094 3666 -
1147 3635 1184 3666 ·‘

1072 3747 1173 3844 Q,
