2654 4454
247 174 337 270 128
375 165 493 275 Vita
516 161 736 270 sitnm
760 175 981 270 Monttti
1005 171 1120 274 Filii.-

239 369 314 417 nere
340 348 605 438 compelleretur,
638 342 685 412 ad
717 365 765 414 res
790 343 945 438 gerendas
968 343 1152 438 adhiberet,
1189 355 1228 421 iri

232 454 360 552 flammo
377 456 546 550 dignitatis
562 453 670 549 gradu
687 455 863 526 collocaret.
914 453 1037 526 Nemo
1056 451 1138 528 lant
1151 457 1224 529 Fe-·

240 555 357 627 derico
373 552 527 625 Morello
546 554 635 625 inter
657 549 745 623 illius
768 551 932 650 temporis
955 550 1108 628 literatos
1132 553 1223 630 visus

239 663 289 736 est
304 661 454 762 dignior,
472 662 508 734 in
534 675 638 760 quem
654 662 748 760 regia
758 661 925 736 beneficia
941 660 1218 752 collocarentur3

239 769 323 848 cum
340 797 443 846 nemo
456 771 550 864 silet,
574 776 671 872 cujus
696 771 893 846 industriam
911 773 1019 872 magis
1038 794 1219 873 augerent,

239 884 425 982 &gratum
438 885 591 956 animum
607 880 716 982 magis
725 881 899 958 afficerent
913 883 1096 960 collocata.
1123 883 1221 958 Cum

236 994 414 1069 beneficiis
443 997 536 1068 enim
563 993 718 1093 quotidie
749 994 946 1069 crescebant
974 993 1218 1068 &certabant

235 1107 382 1202 labores,
406 1106 499 1207 quast
528 1106 565 1178 hi
593 1105 636 1180 ab
669 1106 734 1182 illis
766 1106 911 1206 superari
946 1105 1218 1206 indignarenturs

237 1217 386 1294 Nullam
413 1239 496 1290 non
512 1215 690 1316 arripiebat
719 1222 830 1317 regius
855 1219 1090 1318 typographus
1108 1239 1217 1289 occa·

239 1331 369 1406 fionem
393 1331 445 1402 his
461 1332 569 1402 xeniis
584 1332 620 1400 in
636 1331 732 1402 omni
749 1331 923 1403 literarum
937 1352 1063 1427 genere
1077 1329 1218 1426 regium

235 1443 468 1540 patrocinium
495 1439 701 1514 demerendi.
752 1441 855 1515 Anno
886 1452 997 1539 15990
1029 1441 1157 1519 librum
1195 1443 1218 1515 d

236 1551 370 1646 Joanne
393 1554 530 1627 Ferono
552 1549 595 1624 de
622 1550 799 1650 gentilitiis
823 1553 976 1626 virorum
997 1553 1078 1652 togd
1098 1553 1137 1626 δι
1159 1580 1219 1628 ar*

236 1667 303 1736 mis
327 1667 416 1766 apud
444 1661 562 1738 Gallos
586 1664 768 1738 illustrium
795 1663 1024 1738 stemmatibus
1046 1665 1217 1765 scriptum

236 1777 465 1867 continuavit,
490 1775 527 1846 in
543 1773 599 1846 sud
615 1775 761 1874 epistold
779 1799 895 1875 regem
914 1776 960 1850 fic
978 1777 1157 1852 allocutus.

284 1889 395 1960 -La
412 1883 474 1982 seu
495 1887 566 1976 Ray
582 1887 695 1976 fflnry
719 1887 766 1960 II
787 1888 890 1983 vostre
914 1889 1065 1984 brarperr
1078 1932 1128 1946 -
1140 1896 1213 1985 pris

220 2017 281 2074 ‘tm
297 1997 407 2094 grand
423 1999 676 2096 plaifir--d
704 2001 739 2071 la
764 2001 881 2072 letari
904 2001 981 2071 dun
1009 2024 1134 2095 euvre,
1157 1987 1214 2098 qai

235 2116 289 2202 luy
304 2112 397 2180 avait
413 2110 465 2178 iti
480 2107 572 2180 dedii
587 2146 636 2164 --
646 2128 711 2201 par
729 2111 819 2203 Jean
839 2117 867 2184 la
885 2115 1000 2203 Feror,
1023 2117 1127 2208 lequel
1140 2140 1210 2186 can·

234 2223 334 2293 senoil
362 2222 406 2292 les
424 2223 574 2292 trallions
591 2259 690 2276 --
705 2221 758 2292 des
774 2223 993 2319 terrestribus,
1007 2227 1212 2320 chancrliers,

232 2332 354 2430 grands
369 2333 514 2431 maistres
538 2332 715 2415 &c—
734 2335 786 2407 Or
806 2340 1007 2432 cognosffant,
1030 2365 1090 2436 que
1106 2340 1209 2434 vostre

234 2444 377 2543 Majrfll
391 2445 434 2538 est
463 2443 644 2540 affetlionla
661 2445 731 2526 &a
743 2489 841 2504 --—
854 2449 929 2542 j’ay
940 2447 1014 2543 fait
1030 2456 1142 2526 ravoir
1152 2481 1208 2526 esr-

233 2565 403 2646 anement,
420 2557 612 2653 pourfitivre
625 2556 667 2639 ὃ
684 2564 851 2654 accomplir
869 2579 936 2653 par
947 2585 1024 2658 gens
1037 2585 1147 2660 expers
1163 2568 1205 2649 ἐξ

233 2669 382 2745 terendus
415 2668 494 2740 ledit
518 2693 657 2766 ouvrage
692 2670 825 2766 jusques
850 2695 894 2742 au
926 2688 1026 2770 temps
1052 2678 1091 2750 de
1113 2681 1208 2752 vitra

232 2805 325 2878 regne
341 2779 410 2854 &e
1032 2841 1035 2848 ⁴

281 2892 462 2966 Federicus
483 2893 665 2990 Metellus,
690 2921 796 2998 quum
814 2918 870 2974 tot
892 2899 1029 2976 suorum
1049 2903 1208 2983 laborum

231 2998 398 3076 frustibus
419 3003 601 3078 educendis
625 3005 721 3082 suum
737 3033 844 3084 unum
862 3036 934 3086 non
956 3013 1108 3090 sufficere
1131 3018 1206 3092 sen·

230 3110 489 3201 tiret,‚Claudii
513 3119 656 3192 Morclli
681 3119 791 3195 fratris
815 3124 960 3221 praelum
981 3129 1101 3207 habuit
1127 3133 1206 3208 sub*

230 3217 411 3294 fidiarium.
445 3225 543 3300 Huic
556 3230 802 3328 imprimendos
814 3233 966 3312 submifit
979 3266 1068 3316 anno
1093 3255 1206 3322 16000

227 3331 333 3424 libros
349 3329 514 3410 ,Platonis
543 3337 801 3435 Aristotelisque
832 3345 994 3444 politicos
1023 3327 1207 3430 Gallicda¹

227 3439 414 3518 Ludovico
422 3443 541 3542 Regio
557 3449 679 3544 versos,
704 3452 768 3527 hos
785 3455 915 3534 duobus
927 3462 1069 3562 Kyriaci
1084 3466 1207 3542 Stroz⁴

227 3541 436 3662 zae'abhipso
451 3555 551 3632 versls
568 3559 697 3657 austes,
720 3593 839 3646 omnes
855 3597 936 3647 cum
953 3573 1085 3652 Graeco
1103 3595 1205 3654 textu

227 3656 605 3808 collatotspdplomate
633 3674 752 3774 Regio
781 3682 817 3753 in
844 3679 892 3756 sui
919 3686 1066 3782 gratiam
1092 3688 1202 3789 impe-

386 3819 389 3829 ·
1089 3813 1207 3878 tratos'
