2668 4454
223 227 315 326 132
352 192 470 295 Vita
500 187 721 288 Frutrre'r
746 191 970 285 Moritur
993 185 1109 286 Filii.

216 362 373 436 nondum
399 357 588 436 Latinitate
608 353 734 430 donata
758 356 884 429 vertit:
917 361 1059 429 moneris
1083 354 1199 431 lesio·

217 497 306 565 rem,
330 497 409 572 quae
437 469 478 543 ab
493 469 564 544 aliis
581 469 717 566 aceepit
743 469 881 542 aurisia.
931 468 1031 541 Nam
1055 469 1203 571 Stepha-

215 607 279 660 nus
294 580 480 656 Turnebus·
493 598 565 680 reg.
585 578 793 654 consiliarius
809 575 1068 650 emendationes
1084 576 1120 649 dt
1136 593 1223 672 no·-

215 716 265 771 tas
294 695 330 767 in
357 693 467 771 distat
491 689 665 792 utriusque
690 689 887 765 Philostrati
907 686 928 760 ὲ
947 689 1037 761 libro
1054 690 1203 788 parentis

214 804 364 885 suieldr.
382 805 541 880 Tumebi
563 803 678 879 seduli>
695 803 868 896 callesius,
894 800 1046 876 Andreas
1070 803 1202 876 Schot-

217 917 271 994 tiis
292 913 447 1016 quasdam
463 917 499 989 in
516 915 645 990 Grae'ca
660 911 975 1003 animadversiones,
999 911 1124 986 Paulus
1135 915 1203 987 Pe·

216 1023 324 1106 ta'vius
344 1025 502 1101 codicem
527 1025 622 1099 suum
647 1023 784 1106 scholiis
813 1023 850 1098 ὅ(
870 1019 981 1124 glossis
1004 1028 1203 1118 oneratum,

214 1139 287 1222 suas
306 1135 448 1240 quisque
462 1136 642 1238 symbolas,
668 1136 772 1211 mist.

265 1251 375 1324 Annis
407 1259 500 1333 1609
527 1247 682 1324 &1611‘
716 1273 762 1322 ex
791 1248 941 1350 ejusdem
965 1249 1022 1324 Cl.
1055 1247 1203 1322 Morell.

215 1360 325 1464 praelo
341 1359 499 1432 exierunt
519 1357 653 1432 duobus
670 1360 777 1434 tomis
796 1359 962 1461 Gregorii
980 1363 1022 1436 N
1025 1359 1202 1434 azianzeni

216 1497 337 1572 opera,
359 1491 444 1546 tunc
460 1465 614 1570 primum
634 1467 763 1544 Graeci
783 1470 820 1548 δί
839 1468 965 1545 Latine
985 1467 1203 1572 conjuniiim

214 1585 329 1672 edita,
356 1607 436 1683 quae
447 1582 631 1658 Federicus
648 1585 745 1658 auxit
775 1582 1039 1683 aliquammuitis
1059 1583 1202 1682 Grego-

215 1696 257 1770 rii
282 1694 433 1793 epistolis
452 1717 626 1792 nunquam
652 1713 752 1768 antea
774 1694 907 1768 excusis
924 1694 962 1767 ὅ(
984 1694 1055 1768 isc
1077 1696 1202 1771 Latini

216 1803 332 1896 ver-fis,
356 1805 447 1876 notis
469 1803 661 1894 illustravit,
687 1806 796 1888 MSS.
822 1807 972 1894 vetustos
996 1831 1200 1908 comparan-

216 1914 261 1990 do
294 1917 445 2008 codices,
470 1937 555 2013 quos
587 1937 659 2015 reg.
687 1913 913 2010 bibliotheca,
947 1919 985 1993 δι
1009 1922 1085 2016 Jac.
1107 1923 1201 2022 Aug.

215 2027 386 2101 Thuanus
410 2024 691 2125 suppeditaverat.
744 2027 848 2120 Quos
871 2029 954 2102 alios
969 2031 1097 2107 habuit
1111 2035 1147 2108 &
1164 2038 1205 2130 in
1313 2089 1314 2100 ,

214 2137 406 2236 sumptibus
422 2131 582 2212 faciendis
596 2135 633 2211 &
649 2138 685 2210 in
702 2163 807 2239 opere
822 2137 882 2217 suo
894 2139 1081 2243 adjutores,
1104 2146 1204 2248 grat&

215 2247 469 2352 recognoscunt
494 2245 596 2347 ipsius
618 2247 660 2322 ad
684 2253 889 2348 pontificem
920 2249 1012 2328 max.
1039 2253 1076 2328 ὅῑ
1095 2255 1203 2332 lecto-

215 2359 290 2436 r'em
307 2360 346 2434 bc
363 2361 567 2435 Perronium
588 2359 886 2464 archiepiscopum
903 2364 1056 2462 epistolae
1064 2398 1078 2452 3
1103 2370 1204 2470 'cujus

214 2475 370 2550 Petronii
392 2473 534 2546 hortatu
553 2473 728 2549 Henricus
755 2475 865 2550 IV&
885 2472 1085 2553 Ludovicus
1101 2467 1202 2552 XIII

215 2581 385 2658 Fed'erico
411 2581 565 2655 Morello
592 2581 629 2656 &
655 2586 757 2684 regiis
780 2584 851 2660 aliis
874 2580 1117 2685 professoribus
1143 2589 1202 2666 sti-

215 2695 339 2798 pendia
353 2719 455 2796 atque
468 2694 650 2769 honoraria
664 2693 816 2772 ausiiora
826 2695 863 2771 &
874 2693 1104 2777 luculentiora
1116 2711 1201 2778 con*

214 2807 411 2884 stituerunt.
643 2876 646 2884 .

183 2967 185 2974 ι
266 2923 397 3020 Neque
422 2914 533 2995 'solum
558 2915 579 2993 ai
607 2915 746 3020 regibus
773 2915 1054 3023 prinbipibtisque
1078 2920 1115 2993 in
1143 2921 1202 2996 sui

215 3031 328 3134 patrii
358 3034 438 3106 viris
463 3034 607 3136 gratiam
640 3035 727 3110 inire
762 3033 826 3107 suis
854 3031 1025 3108 laboribus
1060 3033 1202 3109 cruditis

216 3139 358 3234 studuit,
383 3141 436 3214 sed
458 3145 561 3218 etiam
581 3165 719 3219 exteros
742 3143 897 3218 literariis
918 3139 1117 3226 muneribus
1142 3143 1200 3219 de·

216 3255 354 3345 mereri,
379 3251 404 3326 st
423 3279 509 3352 quos
522 3256 696 3331 literarum
716 3255 752 3329 &
771 3248 987 3328 literatorum
1002 3253 1120 3328 amore
1135 3253 1206 3332 fla.

216 3384 352 3466 grantes
366 3365 661 3441 animadverteret.
712 3365 920 3439 Monarchis
942 3367 1036 3440 enim
1063 3363 1101 3440 δι
1125 3385 1197 3442 ma'·

217 3475 377 3574 g'natibus
398 3475 480 3550 nulli
505 3475 555 3550 e'st
572 3475 698 3548 honori
719 3475 784 3550 ess‘e
807 3471 1006 3552 illiteratos:
1035 3475 1101 3550 nec
1122 3481 1196 3552 ma·

212 3587 328 3685 jorem
353 3580 497 3690 magnus
522 3585 578 3659 ille
596 3574 792 3660 Alexander
816 3585 1038 3690 exgentibus
1057 3585 1197 3662 devietis

218 3692 323 3800 quim
348 3723 392 3774 ex
417 3697 608 3776 liberalibus
630 3691 826 3800 disciplinis,
860 3697 982 3798 quibus
1010 3721 1088 3772 eum
1114 3697 1196 3771 Ari-

617 3835 620 3840 *
1063 3805 1199 3881 liuteles
