2650 4444
210 225 306 324 154
362 169 481 292 Vita
508 187 736 282 Cleon
767 183 1049 278 Moenum.

202 379 241 436 ut
256 383 326 459 quae
340 369 487 430 veterum
504 349 637 420 Graeeiae
652 358 790 439 patrum
801 357 1005 416 mmumeuta
1021 343 1185 417 celebran-

203 491 276 566 tur,
298 497 338 544 ex
360 467 422 538 bic
444 474 542 532 etate
562 459 694 532 minimi
715 455 936 550 defideremus.
985 456 1101 548 Itaque
1125 477 1183 526 no·

196 587 303 686 strum
329 579 386 675 est,
411 589 449 646 ut
479 576 525 644 eis
547 595 609 644 uon
628 567 715 642 modi
731 587 792 660 pro
817 561 1061 662 Theoplaylatio‚
1094 585 1190 660 quem

204 697 369 782 babemus,
385 685 448 788 sel
462 687 562 756 etiam
578 686 623 756 eis
639 705 708 777 quae
725 687 936 774 expellamus,
961 680 1003 762 Θ
1016 681 1098 749 vite
1113 677 1188 751 diu·
1310 713 1312 716 ·

203 807 411 889 turmarum,
436 797 479 878 (sl
500 816 572 892 qua
591 797 712 887 optima
728 791 880 865 habemus
903 797 939 865 iu
955 791 1047 882 vitel,
1070 789 1186 862 ciDeo

199 939 377 1020 precemur.
409 911 459 985 Et
474 911 510 983 in
522 905 736 980 dedicatione
748 902 866 978 Caroli
878 905 1187 980 Motelli—-Iu

204 1034 267 1106 bie
283 1030 408 1100 artium
425 1023 506 1119 peni
532 1023 672 1093 omnium
691 1017 908 1090 recordatione
916 1015 1078 1109 jucundi,
1103 1020 1187 1110 opti-

205 1167 256 1216 me
283 1136 430 1236 dynasta,
453 1158 514 1208 nom
534 1134 701 1204 minimam
715 1142 846 1224 partem
862 1125 960 1199 habet
975 1126 1187 1222 typographo·

205 1273 280 1326 rum
303 1250 396 1323 labor
423 1245 465 1328 δεῖ
490 1240 628 1334 officina,
652 1263 691 1311 ea
712 1235 909 1334 presertim,
934 1259 1003 1331 que
1026 1238 1188 1311 Morello·

206 1385 282 1436 rum
297 1380 408 1436 nomem
423 1357 531 1428 titulis
538 1352 610 1450 suis
630 1348 768 1446 prefert
780 1351 977 1444 infiguitum.
1018 1349 1085 1422 Illa
1100 1349 1188 1423 euim

206 1482 265 1576 etst
274 1471 343 1570 post
359 1475 572 1544 immaturam
589 1477 724 1536 mortem
745 1463 893 1555 parentis
916 1464 980 1532 mei
1007 1460 1124 1533 habuit
1149 1463 1189 1536 ob

204 1597 343 1679 lulium,
358 1583 440 1656 uude
451 1578 579 1676 aliquid
591 1573 700 1674 desero
713 1574 819 1649 labore
835 1577 1013 1646 remitteret
1022 1606 1035 1661 3
1060 1595 1112 1667 ego
1130 1591 1189 1647 ta-

207 1725 293 1792 mem,
316 1699 368 1770 eui
385 1690 592 1765 hereditario
609 1687 746 1782 quodam
763 1685 806 1767 ὅ
823 1681 1091 1783 melgorufflo'ep
1108 1685 1190 1778 jure
1276 1693 1280 1700 '

206 1804 462 1887 commendabilis
490 1797 617 1898 semper
638 1799 703 1870 erit
725 1798 855 1868 utilitas
869 1798 1016 1890 publiea,
1041 1801 1077 1870 iu
1102 1805 1188 1876 nullo

205 1945 347 2021 remquam
370 1916 528 2010 relangui.
577 1908 678 2007 Testes
698 1907 779 2006 stunt
806 1906 941 2000 infinita
963 1914 1188 2004 propemodum

209 2038 394 2110 Graeoorum
414 2039 552 2122 patrum
574 2021 754 2110 volumina,
779 2039 849 2113 quoe
872 2017 1095 2111 idoliiffimis
1119 2047 1190 2095 ma·

199 2146 331 2244 juiius
345 2145 423 2216 meis
443 2136 579 2235 aliisque
596 2136 613 2206 l
625 2131 777 2232 squalore
788 2128 920 2226 stthue
938 2149 1071 2208 veterno
1094 2161 1190 2211 revo-

209 2274 285 2335 tuta
307 2259 390 2352 typis
421 2249 522 2340 elidi,
544 2250 579 2318 t‘n
605 2245 765 2337 lucemque
787 2245 973 2334 propalavi.
1023 2245 1107 2319 Eece
1128 2250 1191 2322 tibi

210 2372 316 2445 reeirs
337 2369 353 2438 i
372 2364 471 2461 prelo
489 2381 571 2432 uum
586 2353 729 2450 primum
746 2356 851 2427 edituo
870 2377 994 2450 magne
1010 2359 1068 2427 vir
1081 2365 1190 2432 aulia-

212 2483 327 2555 ritatis
344 2477 386 2558 &
404 2477 555 2548 doilrimae
572 2464 924 2560 theophylactus-

261 2589 368 2666 Anno
397 2595 460 2686 163
470 2597 506 2682 3⁰
531 2577 633 2653 sanai
651 2575 890 2677 Chrysostomi
910 2573 1072 2676 operibus
1094 2598 1192 2654 antea

212 2702 234 2780 i
255 2722 353 2807 patre
370 2695 518 2774 Claudio
541 2693 689 2792 inceptis
707 2687 919 2789 auspicatum
945 2687 1053 2764 finem
1077 2690 1191 2791 impo·

213 2815 293 2907 suit,
318 2809 426 2912 eique
453 2805 514 2882 sub
538 2801 712 2879 cardinalis
739 2801 835 2875 ducis
849 2798 1025 2876 Richelaei
1051 2804 1195 2877 nomine

212 2921 271 2996 sex
285 2919 517 2998 voluminibus
529 2914 744 3022 publicavit3
771 2911 808 2986 &
824 2912 860 2986 in
874 2907 1016 3013 epistola
1028 2910 1069 2984 ad
1085 2909 1194 2986 lemo-

215 3055 289 3106 rem
303 3032 346 3105 de
361 3031 420 3108 sui
440 3029 592 3106 editione
613 3023 661 3101 fic
685 3021 1071 3122 habet-*Quoniam
1084 3035 1197 3095 autent

213 3165 323 3220 rerum
338 3165 528 3239 magnarum
549 3139 649 3212 tarda
660 3135 934 3232 materialium,
957 3159 1018 3207 uon
1033 3137 1107 3208 uris
1123 3154 1195 3228 ope·

215 3260 264 3330 ris
275 3257 376 3354 fimul
397 3253 440 3334 {ol
457 3250 563 3346 semel
579 3250 686 3324 omnia
701 3245 797 3341 hujus
812 3249 905 3318 aurei
910 3243 1083 3341 scriptoris
1100 3265 1196 3340 opera

216 3375 253 3444 im
266 3371 365 3444 lucem
381 3373 562 3436 uenerunt:
586 3361 625 3432 de
642 3359 816 3452 Periſserfi
830 3355 967 3430 editiore
985 3361 1109 3451 loquor,
1124 3379 1195 3454 que

218 3493 295 3553 uate
317 3479 439 3574 aliquot
457 3493 556 3544 annos
577 3471 601 3540 e
620 3480 757 3567 parente
774 3491 841 3542 meo
863 3469 1005 3543 Morello
1024 3475 1070 3564 τῷ
1086 3501 1194 3566 pauo·

217 3572 290 3673 dep
311 3575 463 3650 inchoata
478 3569 572 3668 stetit
594 3572 630 3642 iu
657 3567 828 3658 ambitium
853 3568 912 3640 hoc
932 3567 990 3661 est,
1014 3591 1118 3642 omues
1137 3593 1194 3640 ex·

212 3687 415 3782 plorationes
432 3685 470 3755 in
492 3681 590 3756 libres
613 3682 751 3778 integros
773 3663 1115 3761 &terraturium
1134 3702 1194 3748 ve·

1116 3791 1196 3862 teris
1311 3879 1312 3884 Ἰ
