2668 4454
238 201 306 286 7o
367 167 485 271 Vita
517 171 774 262 Aunrnur
810 165 1085 264 Tununnr.

237 335 450 418 Pervolitare
464 333 533 409 suit
551 328 719 409 dostrinae
734 328 861 431 scripta
876 331 1010 430 politae,

238 451 359 550 Atque
375 465 494 522 notare
508 467 627 536 manu,
653 441 678 516 sr
695 439 777 543 quid
794 440 1021 536 succurreret,
1046 441 1083 520 &
1100 428 1198 520 mens

236 565 468 660 Suggerereta
493 552 602 630 modh
619 553 860 654 chirographis
875 555 1083 632 contendere
1099 561 1207 658 preffia

238 678 290 751 Et
305 671 377 748 falfi
392 670 564 760 damnare,
587 668 655 741 levi
670 665 728 750 sed
744 665 876 765 semper
899 668 1025 768 opellfi.

238 789 300 864 sic
317 787 432 862 charae
449 779 560 857 clades
576 777 698 877 patriae
713 775 751 850 &
767 775 856 850 mala
875 778 1015 877 publica
1028 778 1165 854 tandem

225 898 326 984 ¹Hoc
337 888 646 996 pepererqmalum
658 886 834 968 schedium
848 885 895 972 fic
904 888 1045 963 vendito
1054 889 1223 974 nostrum,

237 1009 323 1084 Nec
336 1027 453 1081 tamen
470 1000 624 1082 aerumnd
641 996 749 1074 lestor
767 997 800 1072 se
820 998 994 1074 existimet
1010 1001 1082 1074 und
1218 1041 1221 1052 ·

238 1114 479 1204 Desundiums
504 1112 626 1194 restare
643 1111 743 1194 aliam
759 1108 822 1183 fibi
837 1106 959 1196 senties
976 1109 1136 1210 hydram,

239 1230 312 1306 Cui
328 1228 458 1328 linguae
475 1245 531 1301 tot
553 1224 591 1301 ὃς
610 1247 671 1296 ora
683 1220 816 1314 sonant,
842 1242 898 1296 tot
912 1221 1050 1322 surrigit
1071 1249 1179 1322 aures,

238 1337 446 1440 Biss‘endque
458 1336 565 1413 trahit
583 1331 714 1414 finuosa
727 1331 904 1408 volumine
921 1353 1030 1434 terga.

238 1453 340 1552 Ergo
357 1449 482 1544 facem,
507 1445 708 1546 clavsrmque
720 1465 818 1544 paret
833 1440 1049 1546 spolisrmque
1063 1446 1185 1542 leonis,

239 1563 297 1639 Ut
312 1560 506 1636 monstrum
523 1579 618 1640 tutus
637 1557 741 1658 plagd
757 1556 967 1657 flammasque
977 1555 1145 1657 sequatur.
1176 1595 1181 1604 ·

85 1711 89 1718 ·
237 1671 370 1750 Audio
386 1671 413 1744 fi
429 1670 505 1762 siat,
529 1671 706 1767 praeconia
721 1665 850 1741 deseret
868 1669 982 1742 omnis

238 1785 340 1858 Hinc
353 1780 455 1872 mihi,
479 1779 538 1878 qui
550 1777 639 1858 solus
657 1778 813 1861 venalem
828 1777 1008 1864 extrudere
1020 1806 1185 1886 mercem,

237 1893 290 1967 Et
304 1890 440 1993 possum
456 1908 629 1990 emptores
643 1888 804 1964 inducere
820 1888 910 1964 solus
926 1893 1069 1968 hiantes.

240 2003 343 2100 Qrid
360 1999 507 2081 faciam?
526 2000 651 2101 loquor
662 2027 707 2076 ex
718 2004 851 2096 animo,
864 2002 957 2105 quod
971 2002 1079 2078 sentio
1089 2031 1219 2098 verum,

239 2116 327 2191 Nec
339 2109 492 2188 catulum
510 2111 644 2208 possum
658 2112 858 2188 Meutaeum
875 2111 996 2188 efferre
1011 2116 1207 2224 molossum²
1322 2209 1323 2224 ἓ

239 2221 446 2324 Magnificis
468 2222 575 2322 nugas
591 2246 656 2296 nec
672 2223 807 2322 possum
824 2224 988 2299 extollere
1003 2223 1115 2322 dietis,

238 2336 388 2414 Ptaemia
403 2355 469 2408 nec
486 2330 592 2407 laudis
607 2333 780 2410 censemus
800 2335 914 2410 nostra
931 2340 1051 2412 mereri
1059 2370 1074 2424 3
1123 2418 1125 2420 ,

239 2449 325 2524 Nec
349 2446 421 2520 laus
452 2447 521 2628 hisst
533 2447 683 2546 petitur:
716 2437 881 2524 votorum
909 2473 950 2524 ea
971 2447 1100 2526 summa
1124 2477 1223 2533 meo÷

373 2578 452 2629 rum
471 2579 492 2627 e
520 2607 535 2648 ,

237 2663 444 2744 Excusanda
458 2664 559 2742 bonis
574 2694 646 2746 non
659 2669 846 2747 accusanda
863 2690 1043 2771 putentur,
1152 2659 1157 2668 ’
1314 2672 1316 2680 ’

237 2781 289 2855 Et
307 2780 419 2855 veniae
435 2779 529 2854 credi
543 2806 615 2857 non
632 2783 746 2882 cuipae
761 2782 876 2860 affinia
891 2785 1040 2890 poffint5

239 2888 336 2986 Qrae
351 2890 480 2967 sacrata
496 2892 561 2969 tibi
580 2891 628 2969 src
642 2895 721 2972 sunt
739 2897 776 2973 δε
796 2919 890 2994 vota,
907 2899 1080 2992 Michaei‚

238 2997 346 3073 Certa
359 2997 442 3076 salus
459 3006 593 3102 patriae,
617 3004 770 3109 jurisque
788 3009 924 3086 antistes
940 3007 978 3082 &
993 3011 1097 3110 acqui²

236 3103 295 3199 Ut
309 3109 434 3194 Samia
452 3113 540 3192 divis
556 3117 692 3219 capides
705 3120 762 3197 vel
778 3118 893 3194 fictilis
913 3141 1009 3207 urna.
