<?xml version="1.0" encoding="UTF-8"?>
<!DOCTYPE html PUBLIC "-//W3C//DTD XHTML 1.0 Transitional//EN"
    "http://www.w3.org/TR/xhtml1/DTD/xhtml1-transitional.dtd">
<html xmlns="http://www.w3.org/1999/xhtml" xml:lang="en" lang="en">
 <head>
  <title>
</title>
<meta http-equiv="Content-Type" content="text/html;charset=utf-8" />
  <meta name='ocr-system' content='tesseract 3.04.00' />
  <meta name='ocr-capabilities' content='ocr_page ocr_carea ocr_par ocr_line ocrx_word'/>
</head>
<body>
  <div class='ocr_page' id='page_1' title='image "./historiatypogra00maitgoog_0109.png"; bbox 0 0 2668 4454; ppageno 0'>
   <div class='ocr_carea' id='block_1_1' title="bbox 265 119 1127 288">
    <p class='ocr_par' dir='ltr' id='par_1_1' title="bbox 265 119 1127 288">
     <span class='ocr_line' id='line_1_1' title="bbox 265 119 1127 288; baseline 0.008 -43"><span class='ocrx_word' id='word_1_1' title='bbox 265 119 383 254; x_wconf 82' lang='lat' dir='ltr'>Vita</span> <span class='ocrx_word' id='word_1_2' title='bbox 411 149 685 244; x_wconf 80' lang='lat' dir='ltr'>Faurrrcr</span> <span class='ocrx_word' id='word_1_3' title='bbox 723 146 1010 248; x_wconf 74' lang='lat' dir='ltr'>Mortuum.</span> <span class='ocrx_word' id='word_1_4' title='bbox 1068 157 1127 288; x_wconf 83' lang='lat'>83</span> 
     </span>
    </p>
   </div>
   <div class='ocr_carea' id='block_1_2' title="bbox 144 447 1126 576">
    <p class='ocr_par' dir='ltr' id='par_1_2' title="bbox 144 447 1126 576">
     <span class='ocr_line' id='line_1_2' title="bbox 144 447 1126 576; baseline 0 0"><span class='ocrx_word' id='word_1_5' title='bbox 144 447 1126 576; x_wconf 54' lang='lat' dir='ltr'>ffiumnnnmlluuuulluuuueinnnrn</span> 
     </span>
    </p>
   </div>
   <div class='ocr_carea' id='block_1_3' title="bbox 190 677 1092 768">
    <p class='ocr_par' dir='ltr' id='par_1_3' title="bbox 190 677 1092 768">
     <span class='ocr_line' id='line_1_3' title="bbox 190 677 1092 768; baseline 0 0"><span class='ocrx_word' id='word_1_6' title='bbox 190 683 367 768; x_wconf 72' lang='lat' dir='ltr'>errori</span> <span class='ocrx_word' id='word_1_7' title='bbox 388 684 606 766; x_wconf 78' lang='lat' dir='ltr'>Gururnnu</span> <span class='ocrx_word' id='word_1_8' title='bbox 629 677 798 766; x_wconf 84' lang='lat' dir='ltr'>candidis</span> <span class='ocrx_word' id='word_1_9' title='bbox 820 677 1028 768; x_wconf 75' lang='lat' dir='ltr'>lediotibus</span> <span class='ocrx_word' id='word_1_10' title='bbox 1055 685 1092 768; x_wconf 92' lang='lat' dir='ltr'>S.</span> 
     </span>
    </p>
   </div>
   <div class='ocr_carea' id='block_1_4' title="bbox 67 901 1174 3500">
    <p class='ocr_par' dir='ltr' id='par_1_4' title="bbox 67 901 1174 3500">
     <span class='ocr_line' id='line_1_4' title="bbox 162 901 1136 992; baseline 0.006 -20"><span class='ocrx_word' id='word_1_11' title='bbox 162 933 163 936; x_wconf 41' lang='lat'>¹</span> <span class='ocrx_word' id='word_1_12' title='bbox 215 902 351 976; x_wconf 83' lang='lat' dir='ltr'>Rimirrn</span> <span class='ocrx_word' id='word_1_13' title='bbox 372 923 432 990; x_wconf 84' lang='lat' dir='ltr'>ego</span> <span class='ocrx_word' id='word_1_14' title='bbox 453 903 533 970; x_wconf 85' lang='lat' dir='ltr'>scire</span> <span class='ocrx_word' id='word_1_15' title='bbox 550 922 610 969; x_wconf 86' lang='lat' dir='ltr'>vos</span> <span class='ocrx_word' id='word_1_16' title='bbox 633 905 742 983; x_wconf 84' lang='lat' dir='ltr'>velim,</span> <span class='ocrx_word' id='word_1_17' title='bbox 771 901 925 982; x_wconf 87' lang='lat' dir='ltr'>Jacobum</span> <span class='ocrx_word' id='word_1_18' title='bbox 952 906 1136 992; x_wconf 77' lang='lat' dir='ltr'>Bogatdum</span> 
     </span>
     <span class='ocr_line' id='line_1_5' title="bbox 237 1001 1133 1088; baseline 0.004 -22"><span class='ocrx_word' id='word_1_19' title='bbox 237 1005 464 1088; x_wconf 75' lang='lat' dir='ltr'><strong>typographum</strong></span> <span class='ocrx_word' id='word_1_20' title='bbox 483 1017 496 1050; x_wconf 75' lang='lat'>³</span> <span class='ocrx_word' id='word_1_21' title='bbox 511 1001 651 1083; x_wconf 87' lang='lat' dir='ltr'>quinque</span> <span class='ocrx_word' id='word_1_22' title='bbox 666 1015 738 1066; x_wconf 86' lang='lat' dir='ltr'>anre</span> <span class='ocrx_word' id='word_1_23' title='bbox 759 1020 858 1070; x_wconf 84' lang='lat' dir='ltr'>annos</span> <span class='ocrx_word' id='word_1_24' title='bbox 871 1005 932 1068; x_wconf 89' lang='lat' dir='ltr'>hoc</span> <span class='ocrx_word' id='word_1_25' title='bbox 947 1024 1026 1086; x_wconf 88' lang='lat' dir='ltr'>opus</span> <span class='ocrx_word' id='word_1_26' title='bbox 1049 1005 1066 1070; x_wconf 72' lang='lat' dir='ltr'>d</span> <span class='ocrx_word' id='word_1_27' title='bbox 1087 1003 1133 1078; x_wconf 88' lang='lat' dir='ltr'>D.</span> 
     </span>
     <span class='ocr_line' id='line_1_6' title="bbox 146 1097 1137 1183; baseline -0.002 -13"><span class='ocrx_word' id='word_1_28' title='bbox 146 1097 269 1180; x_wconf 78' lang='lat' dir='ltr'>Iacobo</span> <span class='ocrx_word' id='word_1_29' title='bbox 290 1101 425 1170; x_wconf 81' lang='lat' dir='ltr'>Tusauo</span> <span class='ocrx_word' id='word_1_30' title='bbox 453 1098 541 1183; x_wconf 81' lang='lat' dir='ltr'>tegio</span> <span class='ocrx_word' id='word_1_31' title='bbox 562 1097 747 1164; x_wconf 80' lang='lat' dir='ltr'>Graecarum</span> <span class='ocrx_word' id='word_1_32' title='bbox 778 1097 940 1164; x_wconf 83' lang='lat' dir='ltr'>literarum</span> <span class='ocrx_word' id='word_1_33' title='bbox 966 1101 1137 1181; x_wconf 77' lang='lat' dir='ltr'>professore</span> 
     </span>
     <span class='ocr_line' id='line_1_7' title="bbox 146 1195 1139 1286; baseline 0.002 -22"><span class='ocrx_word' id='word_1_34' title='bbox 146 1214 218 1268; x_wconf 85' lang='lat' dir='ltr'>rum</span> <span class='ocrx_word' id='word_1_35' title='bbox 237 1199 397 1286; x_wconf 83' lang='lat' dir='ltr'>superstite</span> <span class='ocrx_word' id='word_1_36' title='bbox 411 1197 568 1266; x_wconf 81' lang='lat' dir='ltr'>edendum</span> <span class='ocrx_word' id='word_1_37' title='bbox 585 1195 766 1278; x_wconf 78' lang='lat' dir='ltr'>suscepisie3</span> <span class='ocrx_word' id='word_1_38' title='bbox 788 1195 860 1266; x_wconf 83' lang='lat' dir='ltr'>dein</span> <span class='ocrx_word' id='word_1_39' title='bbox 882 1197 1063 1278; x_wconf 83' lang='lat' dir='ltr'>interpoliro</span> <span class='ocrx_word' id='word_1_40' title='bbox 1081 1201 1139 1266; x_wconf 75' lang='lat' dir='ltr'>eli·</span> 
     </span>
     <span class='ocr_line' id='line_1_8' title="bbox 148 1294 1140 1382; baseline 0 -18"><span class='ocrx_word' id='word_1_41' title='bbox 148 1312 229 1380; x_wconf 88' lang='lat' dir='ltr'>quot</span> <span class='ocrx_word' id='word_1_42' title='bbox 248 1298 373 1366; x_wconf 88' lang='lat' dir='ltr'>dierum</span> <span class='ocrx_word' id='word_1_43' title='bbox 388 1296 486 1382; x_wconf 90' lang='lat' dir='ltr'>spatio</span> <span class='ocrx_word' id='word_1_44' title='bbox 501 1295 688 1376; x_wconf 84' lang='lat' dir='ltr'>scriptorem</span> <span class='ocrx_word' id='word_1_45' title='bbox 711 1294 903 1376; x_wconf 71' lang='lat' dir='ltr'>ipsum—</span> <span class='ocrx_word' id='word_1_46' title='bbox 918 1294 990 1360; x_wconf 83' lang='lat' dir='ltr'>saris</span> <span class='ocrx_word' id='word_1_47' title='bbox 1009 1297 1140 1364; x_wconf 86' lang='lat' dir='ltr'>conces·</span> 
     </span>
     <span class='ocr_line' id='line_1_9' title="bbox 147 1391 1142 1479; baseline 0.002 -19"><span class='ocrx_word' id='word_1_48' title='bbox 147 1391 232 1473; x_wconf 60' lang='lat' dir='ltr'>num</span> <span class='ocrx_word' id='word_1_49' title='bbox 253 1409 324 1464; x_wconf 85' lang='lat' dir='ltr'>turn</span> <span class='ocrx_word' id='word_1_50' title='bbox 344 1393 525 1479; x_wconf 87' lang='lat' dir='ltr'>Bogardum</span> <span class='ocrx_word' id='word_1_51' title='bbox 547 1391 580 1456; x_wconf 90' lang='lat' dir='ltr'>io</span> <span class='ocrx_word' id='word_1_52' title='bbox 596 1411 635 1454; x_wconf 90' lang='lat' dir='ltr'>eo</span> <span class='ocrx_word' id='word_1_53' title='bbox 658 1391 843 1460; x_wconf 84' lang='lat' dir='ltr'>excudendo</span> <span class='ocrx_word' id='word_1_54' title='bbox 864 1391 934 1472; x_wconf 85' lang='lat' dir='ltr'>jam</span> <span class='ocrx_word' id='word_1_55' title='bbox 948 1409 1142 1475; x_wconf 82' lang='lat' dir='ltr'>occupatum</span> 
     </span>
     <span class='ocr_line' id='line_1_10' title="bbox 144 1487 1140 1575; baseline 0 -19"><span class='ocrx_word' id='word_1_56' title='bbox 144 1505 277 1564; x_wconf 62' lang='lat' dir='ltr'>„actenus</span> <span class='ocrx_word' id='word_1_57' title='bbox 298 1488 480 1575; x_wconf 41' lang='lat' dir='ltr'>*perrexisse</span> <span class='ocrx_word' id='word_1_58' title='bbox 502 1488 606 1569; x_wconf 89' lang='lat' dir='ltr'>quoad</span> <span class='ocrx_word' id='word_1_59' title='bbox 633 1487 773 1572; x_wconf 83' lang='lat' dir='ltr'>optimus</span> <span class='ocrx_word' id='word_1_60' title='bbox 794 1487 926 1568; x_wconf 81' lang='lat' dir='ltr'>scriptor</span> <span class='ocrx_word' id='word_1_61' title='bbox 946 1493 1140 1556; x_wconf 85' lang='lat' dir='ltr'>collocando</span> 
     </span>
     <span class='ocr_line' id='line_1_11' title="bbox 144 1581 1143 1669; baseline -0.002 -17"><span class='ocrx_word' id='word_1_62' title='bbox 144 1586 181 1660; x_wconf 73' lang='lat' dir='ltr'>dr</span> <span class='ocrx_word' id='word_1_63' title='bbox 195 1590 233 1652; x_wconf 80' lang='lat' dir='ltr'>nd</span> <span class='ocrx_word' id='word_1_64' title='bbox 256 1591 391 1650; x_wconf 86' lang='lat' dir='ltr'>verbum</span> <span class='ocrx_word' id='word_1_65' title='bbox 406 1581 610 1650; x_wconf 88' lang='lat' dir='ltr'>describendo</span> <span class='ocrx_word' id='word_1_66' title='bbox 633 1583 769 1664; x_wconf 79' lang='lat' dir='ltr'>primam</span> <span class='ocrx_word' id='word_1_67' title='bbox 790 1585 924 1664; x_wconf 72' lang='lat' dir='ltr'>ermque</span> <span class='ocrx_word' id='word_1_68' title='bbox 943 1586 1143 1669; x_wconf 75' lang='lat' dir='ltr'>perexiguam</span> 
     </span>
     <span class='ocr_line' id='line_1_12' title="bbox 146 1680 1174 1766; baseline 0 -16"><span class='ocrx_word' id='word_1_69' title='bbox 146 1687 231 1752; x_wconf 80' lang='lat' dir='ltr'>tanti</span> <span class='ocrx_word' id='word_1_70' title='bbox 258 1686 361 1766; x_wconf 85' lang='lat' dir='ltr'>operis</span> <span class='ocrx_word' id='word_1_71' title='bbox 391 1695 511 1766; x_wconf 86' lang='lat' dir='ltr'>partem</span> <span class='ocrx_word' id='word_1_72' title='bbox 542 1695 772 1764; x_wconf 72' lang='lat' dir='ltr'>praeparaverat.</span> <span class='ocrx_word' id='word_1_73' title='bbox 816 1680 877 1746; x_wconf 88' lang='lat' dir='ltr'>Sed</span> <span class='ocrx_word' id='word_1_74' title='bbox 911 1681 988 1746; x_wconf 92' lang='lat' dir='ltr'>dum</span> <span class='ocrx_word' id='word_1_75' title='bbox 1010 1687 1075 1748; x_wconf 78' lang='lat' dir='ltr'>haec</span> <span class='ocrx_word' id='word_1_76' title='bbox 1102 1687 1139 1750; x_wconf 87' lang='lat' dir='ltr'>ab</span> <span class='ocrx_word' id='word_1_77' title='bbox 1172 1699 1174 1704; x_wconf 84' lang='grc'><strong>’</strong></span> 
     </span>
     <span class='ocr_line' id='line_1_13' title="bbox 147 1776 1142 1864; baseline -0.005 -13"><span class='ocrx_word' id='word_1_78' title='bbox 147 1780 282 1851; x_wconf 63' lang='lat' dir='ltr'>auclore</span> <span class='ocrx_word' id='word_1_79' title='bbox 302 1779 496 1864; x_wconf 76' lang='lat' dir='ltr'>descripta&amp;</span> <span class='ocrx_word' id='word_1_80' title='bbox 517 1779 595 1864; x_wconf 85' lang='lat' dir='ltr'>typis</span> <span class='ocrx_word' id='word_1_81' title='bbox 611 1779 681 1860; x_wconf 84' lang='lat' dir='ltr'>jam</span> <span class='ocrx_word' id='word_1_82' title='bbox 703 1776 867 1852; x_wconf 84' lang='lat' dir='ltr'>commissa</span> <span class='ocrx_word' id='word_1_83' title='bbox 881 1789 950 1862; x_wconf 79' lang='lat' dir='ltr'>pars</span> <span class='ocrx_word' id='word_1_84' title='bbox 964 1780 1142 1846; x_wconf 83' lang='lat' dir='ltr'>absolvere·</span> 
     </span>
     <span class='ocr_line' id='line_1_14' title="bbox 149 1877 1140 1963; baseline -0.001 -17"><span class='ocrx_word' id='word_1_85' title='bbox 149 1896 216 1962; x_wconf 86' lang='lat' dir='ltr'>tut,</span> <span class='ocrx_word' id='word_1_86' title='bbox 237 1879 291 1963; x_wconf 91' lang='lat' dir='ltr'>qui</span> <span class='ocrx_word' id='word_1_87' title='bbox 307 1894 413 1962; x_wconf 87' lang='lat' dir='ltr'>coepto</span> <span class='ocrx_word' id='word_1_88' title='bbox 428 1879 516 1962; x_wconf 91' lang='lat' dir='ltr'>operi</span> <span class='ocrx_word' id='word_1_89' title='bbox 536 1877 747 1958; x_wconf 85' lang='lat' dir='ltr'>emendando,</span> <span class='ocrx_word' id='word_1_90' title='bbox 767 1879 804 1943; x_wconf 80' lang='lat' dir='ltr'>ab</span> <span class='ocrx_word' id='word_1_91' title='bbox 819 1877 919 1959; x_wconf 85' lang='lat' dir='ltr'>iisque</span> <span class='ocrx_word' id='word_1_92' title='bbox 931 1877 1054 1942; x_wconf 85' lang='lat' dir='ltr'>mendis</span> <span class='ocrx_word' id='word_1_93' title='bbox 1068 1879 1140 1945; x_wconf 86' lang='lat' dir='ltr'>vin-</span> 
     </span>
     <span class='ocr_line' id='line_1_15' title="bbox 148 1975 1143 2063; baseline 0.003 -19"><span class='ocrx_word' id='word_1_94' title='bbox 148 1976 298 2057; x_wconf 85' lang='lat' dir='ltr'>dicando,</span> <span class='ocrx_word' id='word_1_95' title='bbox 318 1996 387 2058; x_wconf 73' lang='lat' dir='ltr'>quar</span> <span class='ocrx_word' id='word_1_96' title='bbox 405 1981 492 2042; x_wconf 89' lang='lat' dir='ltr'>ultro</span> <span class='ocrx_word' id='word_1_97' title='bbox 508 1975 525 2040; x_wconf 79' lang='lat' dir='ltr'>i</span> <span class='ocrx_word' id='word_1_98' title='bbox 542 1977 586 2041; x_wconf 90' lang='lat' dir='ltr'>tei</span> <span class='ocrx_word' id='word_1_99' title='bbox 602 1977 828 2060; x_wconf 83' lang='lat' dir='ltr'>typographicae</span> <span class='ocrx_word' id='word_1_100' title='bbox 849 1978 995 2060; x_wconf 79' lang='lat' dir='ltr'>operariis</span> <span class='ocrx_word' id='word_1_101' title='bbox 1008 1981 1143 2063; x_wconf 81' lang='lat' dir='ltr'>irrepere</span> 
     </span>
     <span class='ocr_line' id='line_1_16' title="bbox 147 2072 1141 2166; baseline 0.003 -27"><span class='ocrx_word' id='word_1_102' title='bbox 147 2073 264 2154; x_wconf 89' lang='lat' dir='ltr'><strong>solent,</strong></span> <span class='ocrx_word' id='word_1_103' title='bbox 285 2073 419 2155; x_wconf 85' lang='lat' dir='ltr'>ptaesuit,</span> <span class='ocrx_word' id='word_1_104' title='bbox 440 2075 465 2136; x_wconf 87' lang='lat' dir='ltr'>is</span> <span class='ocrx_word' id='word_1_105' title='bbox 486 2072 641 2154; x_wconf 89' lang='lat' dir='ltr'>reliquam</span> <span class='ocrx_word' id='word_1_106' title='bbox 666 2075 768 2156; x_wconf 81' lang='lat' dir='ltr'>operis</span> <span class='ocrx_word' id='word_1_107' title='bbox 794 2089 925 2156; x_wconf 88' lang='lat' dir='ltr'>partem,</span> <span class='ocrx_word' id='word_1_108' title='bbox 954 2095 1021 2157; x_wconf 79' lang='lat' dir='ltr'>quae</span> <span class='ocrx_word' id='word_1_109' title='bbox 1043 2075 1141 2166; x_wconf 70' lang='lat' dir='ltr'>longi</span> 
     </span>
     <span class='ocr_line' id='line_1_17' title="bbox 147 2167 1142 2256; baseline 0.004 -22"><span class='ocrx_word' id='word_1_110' title='bbox 147 2168 525 2234; x_wconf 81' lang='lat' dir='ltr'>marimaacdifficillimr</span> <span class='ocrx_word' id='word_1_111' title='bbox 536 2169 704 2251; x_wconf 81' lang='lat' dir='ltr'>supererat,</span> <span class='ocrx_word' id='word_1_112' title='bbox 725 2167 760 2236; x_wconf 77' lang='lat' dir='ltr'>el</span> <span class='ocrx_word' id='word_1_113' title='bbox 774 2171 1006 2255; x_wconf 89' lang='lat' dir='ltr'>propemodum</span> <span class='ocrx_word' id='word_1_114' title='bbox 1017 2170 1067 2236; x_wconf 79' lang='lat' dir='ltr'>vil</span> <span class='ocrx_word' id='word_1_115' title='bbox 1080 2173 1142 2256; x_wconf 77' lang='lat' dir='ltr'>qui</span> 
     </span>
     <span class='ocr_line' id='line_1_18' title="bbox 147 2264 1145 2350; baseline -0.001 -16"><span class='ocrx_word' id='word_1_116' title='bbox 147 2268 215 2350; x_wconf 88' lang='lat' dir='ltr'>ipse</span> <span class='ocrx_word' id='word_1_117' title='bbox 230 2268 352 2348; x_wconf 85' lang='lat' dir='ltr'>author,</span> <span class='ocrx_word' id='word_1_118' title='bbox 373 2264 411 2330; x_wconf 88' lang='lat' dir='ltr'>ad</span> <span class='ocrx_word' id='word_1_119' title='bbox 426 2267 560 2330; x_wconf 87' lang='lat' dir='ltr'>verbum</span> <span class='ocrx_word' id='word_1_120' title='bbox 575 2265 746 2332; x_wconf 89' lang='lat' dir='ltr'>describere</span> <span class='ocrx_word' id='word_1_121' title='bbox 757 2269 914 2348; x_wconf 80' lang='lat' dir='ltr'>acaliquo</span> <span class='ocrx_word' id='word_1_122' title='bbox 927 2271 1026 2337; x_wconf 88' lang='lat' dir='ltr'>modo</span> <span class='ocrx_word' id='word_1_123' title='bbox 1039 2272 1145 2334; x_wconf 86' lang='lat' dir='ltr'>conti-</span> 
     </span>
     <span class='ocr_line' id='line_1_19' title="bbox 148 2360 1145 2446; baseline -0.002 -16"><span class='ocrx_word' id='word_1_124' title='bbox 148 2383 246 2430; x_wconf 87' lang='lat' dir='ltr'>nuare</span> <span class='ocrx_word' id='word_1_125' title='bbox 257 2365 390 2446; x_wconf 85' lang='lat' dir='ltr'>patabat.</span> <span class='ocrx_word' id='word_1_126' title='bbox 434 2360 560 2426; x_wconf 80' lang='lat' dir='ltr'>Verrim</span> <span class='ocrx_word' id='word_1_127' title='bbox 570 2361 655 2426; x_wconf 87' lang='lat' dir='ltr'>aliud</span> <span class='ocrx_word' id='word_1_128' title='bbox 666 2381 704 2427; x_wconf 84' lang='lat' dir='ltr'>er</span> <span class='ocrx_word' id='word_1_129' title='bbox 719 2362 784 2426; x_wconf 82' lang='lat' dir='ltr'>alio</span> <span class='ocrx_word' id='word_1_130' title='bbox 798 2365 921 2429; x_wconf 88' lang='lat' dir='ltr'>malum</span> <span class='ocrx_word' id='word_1_131' title='bbox 936 2363 1145 2428; x_wconf 75' lang='lat' dir='ltr'>consecutum</span> 
     </span>
     <span class='ocr_line' id='line_1_20' title="bbox 148 2455 1145 2550; baseline -0.006 -23"><span class='ocrx_word' id='word_1_132' title='bbox 148 2462 203 2527; x_wconf 88' lang='lat' dir='ltr'>est.</span> <span class='ocrx_word' id='word_1_133' title='bbox 246 2457 378 2524; x_wconf 86' lang='lat' dir='ltr'>Etenim</span> <span class='ocrx_word' id='word_1_134' title='bbox 395 2455 609 2542; x_wconf 83' lang='lat' dir='ltr'>bBogardum</span> <span class='ocrx_word' id='word_1_135' title='bbox 627 2457 732 2550; x_wconf 84' lang='lat' dir='ltr'>ipsum</span> <span class='ocrx_word' id='word_1_136' title='bbox 749 2458 983 2544; x_wconf 68' lang='lat' dir='ltr'>conjugemque</span> <span class='ocrx_word' id='word_1_137' title='bbox 997 2459 1064 2541; x_wconf 87' lang='lat' dir='ltr'>ejus</span> <span class='ocrx_word' id='word_1_138' title='bbox 1087 2459 1145 2522; x_wconf 88' lang='lat' dir='ltr'>lto·</span> 
     </span>
     <span class='ocr_line' id='line_1_21' title="bbox 148 2551 1144 2636; baseline -0.005 -11"><span class='ocrx_word' id='word_1_139' title='bbox 148 2553 351 2625; x_wconf 84' lang='lat' dir='ltr'>uestiffimam</span> <span class='ocrx_word' id='word_1_140' title='bbox 367 2573 443 2622; x_wconf 91' lang='lat' dir='ltr'>cum</span> <span class='ocrx_word' id='word_1_141' title='bbox 465 2557 556 2636; x_wconf 90' lang='lat' dir='ltr'>prole</span> <span class='ocrx_word' id='word_1_142' title='bbox 571 2553 743 2620; x_wconf 73' lang='lat' dir='ltr'>charissimi</span> <span class='ocrx_word' id='word_1_143' title='bbox 766 2575 829 2622; x_wconf 88' lang='lat' dir='ltr'>una</span> <span class='ocrx_word' id='word_1_144' title='bbox 855 2555 921 2621; x_wconf 70' lang='lat' dir='ltr'>feti</span> <span class='ocrx_word' id='word_1_145' title='bbox 945 2551 1008 2624; x_wconf 88' lang='lat' dir='ltr'>dies</span> <span class='ocrx_word' id='word_1_146' title='bbox 1028 2555 1144 2620; x_wconf 89' lang='lat' dir='ltr'>morbo</span> 
     </span>
     <span class='ocr_line' id='line_1_22' title="bbox 149 2647 1144 2734; baseline -0.002 -16"><span class='ocrx_word' id='word_1_147' title='bbox 149 2649 328 2733; x_wconf 77' lang='lat' dir='ltr'>absumpfit.</span> <span class='ocrx_word' id='word_1_148' title='bbox 370 2647 463 2714; x_wconf 90' lang='lat' dir='ltr'>Tum</span> <span class='ocrx_word' id='word_1_149' title='bbox 482 2669 561 2732; x_wconf 86' lang='lat' dir='ltr'>opus</span> <span class='ocrx_word' id='word_1_150' title='bbox 588 2651 671 2732; x_wconf 86' lang='lat' dir='ltr'>quali</span> <span class='ocrx_word' id='word_1_151' title='bbox 697 2652 820 2734; x_wconf 88' lang='lat' dir='ltr'>optimo</span> <span class='ocrx_word' id='word_1_152' title='bbox 837 2666 923 2734; x_wconf 89' lang='lat' dir='ltr'>patre</span> <span class='ocrx_word' id='word_1_153' title='bbox 938 2671 1035 2734; x_wconf 86' lang='lat' dir='ltr'>nuper</span> <span class='ocrx_word' id='word_1_154' title='bbox 1054 2651 1144 2716; x_wconf 83' lang='lat' dir='ltr'>orba·</span> 
     </span>
     <span class='ocr_line' id='line_1_23' title="bbox 149 2745 1146 2833; baseline -0.001 -20"><span class='ocrx_word' id='word_1_155' title='bbox 149 2763 233 2828; x_wconf 88' lang='lat' dir='ltr'>tum,</span> <span class='ocrx_word' id='word_1_156' title='bbox 255 2764 344 2810; x_wconf 91' lang='lat' dir='ltr'>nunc</span> <span class='ocrx_word' id='word_1_157' title='bbox 368 2745 463 2810; x_wconf 88' lang='lat' dir='ltr'>etiam</span> <span class='ocrx_word' id='word_1_158' title='bbox 488 2745 666 2814; x_wconf 81' lang='lat' dir='ltr'>seliciffimo</span> <span class='ocrx_word' id='word_1_159' title='bbox 692 2762 797 2813; x_wconf 86' lang='lat' dir='ltr'>tutore</span> <span class='ocrx_word' id='word_1_160' title='bbox 817 2746 965 2833; x_wconf 78' lang='lat' dir='ltr'>Bogatdo</span> <span class='ocrx_word' id='word_1_161' title='bbox 988 2746 1146 2828; x_wconf 86' lang='lat' dir='ltr'>privatum</span> 
     </span>
     <span class='ocr_line' id='line_1_24' title="bbox 151 2841 1146 2928; baseline 0 -19"><span class='ocrx_word' id='word_1_162' title='bbox 151 2843 321 2928; x_wconf 84' lang='lat' dir='ltr'>periclitari</span> <span class='ocrx_word' id='word_1_163' title='bbox 336 2841 432 2922; x_wconf 87' lang='lat' dir='ltr'>coepit</span> <span class='ocrx_word' id='word_1_164' title='bbox 443 2873 526 2890; x_wconf 88' lang='lat'>--</span> <span class='ocrx_word' id='word_1_165' title='bbox 537 2842 645 2924; x_wconf 83' lang='lat' dir='ltr'>Itaque</span> <span class='ocrx_word' id='word_1_166' title='bbox 660 2843 736 2920; x_wconf 81' lang='lat' dir='ltr'>crim</span> <span class='ocrx_word' id='word_1_167' title='bbox 750 2858 799 2908; x_wconf 91' lang='lat' dir='ltr'>tot</span> <span class='ocrx_word' id='word_1_168' title='bbox 814 2843 984 2908; x_wconf 89' lang='lat' dir='ltr'>hominum</span> <span class='ocrx_word' id='word_1_169' title='bbox 999 2861 1066 2906; x_wconf 89' lang='lat' dir='ltr'>utto</span> <span class='ocrx_word' id='word_1_170' title='bbox 1078 2843 1146 2909; x_wconf 70' lang='lat' dir='ltr'>fere</span> 
     </span>
     <span class='ocr_line' id='line_1_25' title="bbox 152 2935 1145 3028; baseline 0 -21"><span class='ocrx_word' id='word_1_171' title='bbox 152 2942 304 3025; x_wconf 90' lang='lat' dir='ltr'>temporis</span> <span class='ocrx_word' id='word_1_172' title='bbox 319 2937 441 3024; x_wconf 73' lang='lat' dir='ltr'>pundio</span> <span class='ocrx_word' id='word_1_173' title='bbox 459 2935 670 3004; x_wconf 73' lang='lat' dir='ltr'>exrlnstorum</span> <span class='ocrx_word' id='word_1_174' title='bbox 686 2943 792 3006; x_wconf 89' lang='lat' dir='ltr'>vicem</span> <span class='ocrx_word' id='word_1_175' title='bbox 805 2942 948 3006; x_wconf 90' lang='lat' dir='ltr'>dolerem</span> <span class='ocrx_word' id='word_1_176' title='bbox 969 2935 1145 3028; x_wconf 83' lang='lat' dir='ltr'>(Bogatdus</span> 
     </span>
     <span class='ocr_line' id='line_1_26' title="bbox 154 3033 1146 3122; baseline 0.002 -20"><span class='ocrx_word' id='word_1_177' title='bbox 154 3039 239 3104; x_wconf 88' lang='lat' dir='ltr'>enim</span> <span class='ocrx_word' id='word_1_178' title='bbox 258 3037 336 3104; x_wconf 88' lang='lat' dir='ltr'>milri</span> <span class='ocrx_word' id='word_1_179' title='bbox 352 3037 438 3102; x_wconf 87' lang='lat' dir='ltr'>filius</span> <span class='ocrx_word' id='word_1_180' title='bbox 453 3035 570 3101; x_wconf 88' lang='lat' dir='ltr'>sotoris</span> <span class='ocrx_word' id='word_1_181' title='bbox 584 3055 661 3118; x_wconf 74' lang='lat' dir='ltr'>etat,</span> <span class='ocrx_word' id='word_1_182' title='bbox 674 3037 822 3122; x_wconf 77' lang='lat' dir='ltr'>idemque</span> <span class='ocrx_word' id='word_1_183' title='bbox 834 3033 930 3122; x_wconf 69' lang='lat' dir='ltr'>longi</span> <span class='ocrx_word' id='word_1_184' title='bbox 942 3037 1146 3122; x_wconf 81' lang='lat' dir='ltr'>charissimus)</span> 
     </span>
     <span class='ocr_line' id='line_1_27' title="bbox 153 3133 1147 3221; baseline 0.001 -22"><span class='ocrx_word' id='word_1_185' title='bbox 153 3149 260 3200; x_wconf 89' lang='lat' dir='ltr'>tamen</span> <span class='ocrx_word' id='word_1_186' title='bbox 275 3153 344 3200; x_wconf 90' lang='lat' dir='ltr'>non</span> <span class='ocrx_word' id='word_1_187' title='bbox 364 3147 430 3198; x_wconf 90' lang='lat' dir='ltr'>tam</span> <span class='ocrx_word' id='word_1_188' title='bbox 445 3133 615 3215; x_wconf 88' lang='lat' dir='ltr'>propinqui</span> <span class='ocrx_word' id='word_1_189' title='bbox 630 3135 694 3201; x_wconf 88' lang='lat' dir='ltr'>mei</span> <span class='ocrx_word' id='word_1_190' title='bbox 708 3133 812 3200; x_wconf 85' lang='lat' dir='ltr'>satum</span> <span class='ocrx_word' id='word_1_191' title='bbox 827 3133 922 3216; x_wconf 77' lang='lat' dir='ltr'>quim</span> <span class='ocrx_word' id='word_1_192' title='bbox 942 3135 1066 3221; x_wconf 73' lang='lat' dir='ltr'>publice</span> <span class='ocrx_word' id='word_1_193' title='bbox 1085 3137 1147 3202; x_wconf 88' lang='lat' dir='ltr'>viti</span> 
     </span>
     <span class='ocr_line' id='line_1_28' title="bbox 156 3229 1147 3318; baseline 0.003 -24"><span class='ocrx_word' id='word_1_194' title='bbox 156 3231 240 3295; x_wconf 90' lang='lat' dir='ltr'>illius</span> <span class='ocrx_word' id='word_1_195' title='bbox 255 3232 431 3296; x_wconf 82' lang='lat' dir='ltr'>immortali</span> <span class='ocrx_word' id='word_1_196' title='bbox 454 3229 611 3296; x_wconf 75' lang='lat' dir='ltr'>memorii</span> <span class='ocrx_word' id='word_1_197' title='bbox 640 3231 726 3318; x_wconf 83' lang='lat' dir='ltr'>digni</span> <span class='ocrx_word' id='word_1_198' title='bbox 749 3233 909 3300; x_wconf 84' lang='lat' dir='ltr'>deflebam.</span> <span class='ocrx_word' id='word_1_199' title='bbox 953 3237 1043 3302; x_wconf 90' lang='lat' dir='ltr'>lllius</span> <span class='ocrx_word' id='word_1_200' title='bbox 1067 3234 1147 3300; x_wconf 79' lang='lat' dir='ltr'>tero</span> 
     </span>
     <span class='ocr_line' id='line_1_29' title="bbox 67 3324 1147 3419; baseline 0.002 -31"><span class='ocrx_word' id='word_1_201' title='bbox 67 3393 70 3398; x_wconf 66' lang='grc'>,</span> <span class='ocrx_word' id='word_1_202' title='bbox 155 3324 343 3392; x_wconf 71' lang='lat' dir='ltr'>dodliffimas</span> <span class='ocrx_word' id='word_1_203' title='bbox 358 3329 592 3394; x_wconf 85' lang='lat' dir='ltr'>lucubrationes</span> <span class='ocrx_word' id='word_1_204' title='bbox 605 3327 805 3417; x_wconf 76' lang='lat' dir='ltr'>-dlgnas</span> <span class='ocrx_word' id='word_1_205' title='bbox 816 3327 874 3398; x_wconf 81' lang='lat' dir='ltr'>else</span> <span class='ocrx_word' id='word_1_206' title='bbox 886 3329 1004 3419; x_wconf 82' lang='lat' dir='ltr'>putavi,</span> <span class='ocrx_word' id='word_1_207' title='bbox 1027 3335 1060 3394; x_wconf 89' lang='lat' dir='ltr'>in</span> <span class='ocrx_word' id='word_1_208' title='bbox 1071 3345 1147 3408; x_wconf 80' lang='lat' dir='ltr'>quas</span> 
     </span>
     <span class='ocr_line' id='line_1_30' title="bbox 156 3421 1149 3500; baseline 0.01 -12"><span class='ocrx_word' id='word_1_209' title='bbox 156 3442 226 3488; x_wconf 90' lang='lat' dir='ltr'>non</span> <span class='ocrx_word' id='word_1_210' title='bbox 242 3421 347 3488; x_wconf 75' lang='lat' dir='ltr'>solim</span> <span class='ocrx_word' id='word_1_211' title='bbox 361 3444 433 3492; x_wconf 86' lang='lat' dir='ltr'>mea</span> <span class='ocrx_word' id='word_1_212' title='bbox 448 3425 557 3492; x_wconf 81' lang='lat' dir='ltr'>omnia</span> <span class='ocrx_word' id='word_1_213' title='bbox 579 3425 632 3492; x_wconf 84' lang='lat' dir='ltr'>sed</span> <span class='ocrx_word' id='word_1_214' title='bbox 648 3448 686 3494; x_wconf 85' lang='lat' dir='ltr'>cx</span> <span class='ocrx_word' id='word_1_215' title='bbox 701 3429 880 3500; x_wconf 85' lang='lat' dir='ltr'>amicorum</span> <span class='ocrx_word' id='word_1_216' title='bbox 897 3431 992 3496; x_wconf 87' lang='lat' dir='ltr'>etiam</span> <span class='ocrx_word' id='word_1_217' title='bbox 1011 3423 1149 3498; x_wconf 75' lang='lat' dir='ltr'>fortunis</span> 
     </span>
    </p>
   </div>
   <div class='ocr_carea' id='block_1_5' title="bbox 156 3608 1150 3922">
    <p class='ocr_par' dir='ltr' id='par_1_5' title="bbox 157 3608 1150 3766">
     <span class='ocr_line' id='line_1_31' title="bbox 188 3608 1149 3692; baseline 0.004 -22"><span class='ocrx_word' id='word_1_218' title='bbox 188 3621 202 3650; x_wconf 82' lang='lat'>⁸</span> <span class='ocrx_word' id='word_1_219' title='bbox 217 3618 326 3688; x_wconf 81' lang='lat' dir='ltr'>Jacobua</span> <span class='ocrx_word' id='word_1_220' title='bbox 338 3608 447 3674; x_wconf 71' lang='lat' dir='ltr'>Tusattur</span> <span class='ocrx_word' id='word_1_221' title='bbox 459 3621 522 3672; x_wconf 87' lang='lat' dir='ltr'>obiit</span> <span class='ocrx_word' id='word_1_222' title='bbox 538 3635 608 3685; x_wconf 81' lang='lat'>¹547·</span> <span class='ocrx_word' id='word_1_223' title='bbox 627 3621 684 3678; x_wconf 85' lang='lat' dir='ltr'>vide</span> <span class='ocrx_word' id='word_1_224' title='bbox 696 3623 762 3692; x_wconf 74' lang='lat' dir='ltr'>prllrr</span> <span class='ocrx_word' id='word_1_225' title='bbox 779 3643 803 3692; x_wconf 80' lang='lat' dir='ltr'>p.</span> <span class='ocrx_word' id='word_1_226' title='bbox 819 3643 860 3688; x_wconf 76' lang='lat'>49·</span> <span class='ocrx_word' id='word_1_227' title='bbox 910 3621 921 3656; x_wconf 71' lang='lat' dir='ltr'>l</span> <span class='ocrx_word' id='word_1_228' title='bbox 937 3617 1065 3686; x_wconf 72' lang='lat' dir='ltr'>rogaretur</span> <span class='ocrx_word' id='word_1_229' title='bbox 1075 3622 1149 3688; x_wconf 77' lang='lat' dir='ltr'>igirru</span> 
     </span>
     <span class='ocr_line' id='line_1_32' title="bbox 157 3695 1150 3766; baseline 0 -20"><span class='ocrx_word' id='word_1_230' title='bbox 157 3710 272 3749; x_wconf 81' lang='lat' dir='ltr'>mortuus</span> <span class='ocrx_word' id='word_1_231' title='bbox 284 3695 319 3749; x_wconf 85' lang='lat' dir='ltr'>est</span> <span class='ocrx_word' id='word_1_232' title='bbox 331 3697 425 3749; x_wconf 85' lang='lat' dir='ltr'>circiter</span> <span class='ocrx_word' id='word_1_233' title='bbox 439 3709 513 3761; x_wconf 75' lang='lat' dir='ltr'>t54rt</span> <span class='ocrx_word' id='word_1_234' title='bbox 531 3712 587 3766; x_wconf 77' lang='lat' dir='ltr'>quo</span> <span class='ocrx_word' id='word_1_235' title='bbox 601 3715 669 3752; x_wconf 80' lang='lat' dir='ltr'>anuo</span> <span class='ocrx_word' id='word_1_236' title='bbox 687 3704 830 3758; x_wconf 59' lang='lat' dir='ltr'>muamus</span> <span class='ocrx_word' id='word_1_237' title='bbox 849 3696 971 3750; x_wconf 67' lang='lat' dir='ltr'>Herelius</span> <span class='ocrx_word' id='word_1_238' title='bbox 984 3711 1041 3747; x_wconf 82' lang='lat' dir='ltr'>ctuu</span> <span class='ocrx_word' id='word_1_239' title='bbox 1060 3713 1091 3748; x_wconf 84' lang='lat' dir='ltr'>eo</span> <span class='ocrx_word' id='word_1_240' title='bbox 1104 3711 1150 3766; x_wconf 75' lang='lat' dir='ltr'>err·</span> 
     </span>
    </p>

    <p class='ocr_par' dir='ltr' id='par_1_6' title="bbox 156 3768 1150 3922">
     <span class='ocr_line' id='line_1_33' title="bbox 156 3768 736 3845; baseline 0.005 -17"><span class='ocrx_word' id='word_1_241' title='bbox 156 3773 271 3828; x_wconf 75' lang='lat' dir='ltr'>cudcbrr.</span> <span class='ocrx_word' id='word_1_242' title='bbox 307 3773 446 3844; x_wconf 80' lang='lat' dir='ltr'>videptilrs</span> <span class='ocrx_word' id='word_1_243' title='bbox 463 3793 488 3845; x_wconf 79' lang='lat' dir='ltr'>p·</span> <span class='ocrx_word' id='word_1_244' title='bbox 502 3794 541 3842; x_wconf 75' lang='lat'>³4·</span> <span class='ocrx_word' id='word_1_245' title='bbox 734 3768 736 3773; x_wconf 73' lang='grc'><strong>’</strong></span> 
     </span>
     <span class='ocr_line' id='line_1_34' title="bbox 682 3840 1150 3922; baseline -0.006 -17"><span class='ocrx_word' id='word_1_246' title='bbox 682 3840 722 3905; x_wconf 89' lang='grc' dir='ltr'><strong>Μ</strong></span> <span class='ocrx_word' id='word_1_247' title='bbox 747 3861 765 3920; x_wconf 78' lang='lat'><em>2</em></span> <span class='ocrx_word' id='word_1_248' title='bbox 975 3869 1058 3889; x_wconf 81' lang='lat'>·····-</span> <span class='ocrx_word' id='word_1_249' title='bbox 1069 3857 1150 3922; x_wconf 81' lang='lat' dir='ltr'>nort-</span> 
     </span>
    </p>
   </div>
   <div class='ocr_carea' id='block_1_6' title="bbox 0 0 1353 4454">
    <p class='ocr_par' dir='ltr' id='par_1_7' title="bbox 0 0 1353 4454">
     <span class='ocr_line' id='line_1_35' title="bbox 0 0 1353 4454; baseline 0 0"><span class='ocrx_word' id='word_1_250' title='bbox 0 0 1353 4454; x_wconf 95' lang='lat' dir='ltr'> </span> 
     </span>
    </p>
   </div>
  </div>
 </body>
</html>
