2682 4508
251 193 311 290 32
337 154 456 258 Vita
477 151 811 246 Mrcnnrnrs
834 135 1187 242 Vascosaur.

247 323 290 406 ὅ
308 317 447 418 disertus
463 311 583 406 eloquio
599 301 847 405 perhiberetur.
893 299 1058 396 Johanne
1068 300 1246 380 Trechsel

245 429 426 524 domnelo,
455 445 548 497 anno
576 419 715 492 circiter
747 437 842 509 1500
865 411 1011 488 Parilios
1041 413 1243 516 prohibitis,

245 545 415 644 plurimos
426 533 601 622 authores,
624 525 688 601 suis
704 525 883 626 plerosque
900 527 1157 600 commentariis
1179 551 1239 599 or·

246 673 360 744 natos,
385 644 496 748 praelo
523 641 679 744 subjecit.
728 635 814 737 Ejus
840 631 975 734 infigne
1003 636 1238 735 typographi-

247 791 330 842 cum
351 763 419 838 luit
436 757 588 834 Praelum
606 746 863 826 Ascensranum.

288 879 503 963 Gothicum,
519 894 589 969 quo
600 866 690 964 saepe
706 861 880 953 utebatur,
905 857 1136 936 chamblerem
1160 887 1238 938 non

247 986 402 1067 multiam
420 983 587 1070 laudab0;
613 979 670 1054 sed
697 978 913 1065 Romanum,
938 994 1009 1070 quo
1025 970 1154 1045 multos
1170 997 1236 1046 co·
1312 1005 1320 1086 p

246 1104 342 1178 dices
361 1099 398 1174 δι
415 1096 484 1198 ipse
502 1094 539 1168 &
564 1116 671 1194 gener
685 1081 898 1162 vascosanus
914 1081 1165 1179 imprefferunt,
1182 1082 1235 1158 ,[ῑ.

246 1214 322 1316 quis
346 1206 609 1310 improbaverit,
634 1224 689 1273 nae
716 1195 820 1270 istum
846 1193 884 1267 bt
911 1192 1021 1266 oculis
1045 1190 1234 1293 &judicio

245 1347 362 1400 carere
389 1317 580 1396 affirmabo.
629 1310 711 1385 Filii
733 1308 833 1381 unius
865 1303 1033 1396 Conradi,
1057 1299 1234 1405 triumque

245 1434 398 1510 filiarum
415 1455 549 1536 parens,
574 1449 664 1502 anno
689 1440 779 1520 1535
799 1413 954 1490 nondum
970 1411 1123 1514 peraeto,
1139 1413 1233 1488 diem

245 1551 444 1652 supremum
475 1545 576 1621 obiit.
625 1537 683 1612 Illi
716 1531 893 1608 Henricau
925 1527 1120 1628 Stephanus
1159 1528 1233 1602 hoc

244 1659 379 1760 scripsit
396 1657 627 1758 epitaphium.

295 1771 385 1860 Hic,
408 1766 598 1842 liberorum
618 1758 847 1860 plurimorum
872 1755 931 1856 qui
945 1779 1077 1855 parens,

294 1885 422 1960 Parcus
442 1875 611 1951 librorum
631 1869 860 1971 plurimorum
882 1867 942 1969 qui
961 1865 1042 1957 luit,

296 1996 390 2072 Situs
407 1987 562 2086 Jodocus
583 1981 707 2056 Badius
722 1978 772 2054 est
793 1977 983 2054 Alcensaus.

291 2104 411 2181 Plures
428 2097 566 2172 fuerunt
585 2092 699 2169 liberis
715 2108 831 2164 tamen
857 2086 936 2162 libri
944 2121 959 2179 ς

296 2210 411 2308 Qubd
423 2215 496 2314 jam
515 2202 687 2282 senescens
706 2203 819 2302 coepit
840 2200 917 2276 illos
938 2203 1098 2304 gignere,

295 2328 420 2404 AEtate
436 2323 563 2398 floreos
580 2319 693 2420 coepit
711 2317 776 2391 hos
798 2312 893 2418 qubd
911 2316 1020 2391 edere.

296 2552 355 2628 sic
388 2544 644 2634 Morellorum,
674 2541 719 2617 de
746 2487 870 2644 quibus
895 2543 1013 2646 postea
1047 2486 1230 2646 scriphrrus

244 2663 335 2758 sum,
357 2655 487 2734 familia
500 2658 755 2757 progenitores,
774 2655 992 2732 Germanum
1014 2657 1143 2757 primo,
1168 2663 1228 2738 de·

94 2737 114 2776 ·,.
244 2774 327 2850 inde
340 2769 499 2870 pegam,
522 2769 671 2868 denique
701 2765 843 2842 Gallum
863 2763 974 2863 nasta,
997 2792 1107 2848 artem
1129 2772 1171 2846 ad
1196 2770 1229 2846 se
1318 2801 1319 2858 l

244 2883 367 2960 abavo
379 2903 483 2984 atque
495 2899 596 2956 atavo
612 2877 801 2973 demillam,
814 2879 933 2957 nobile
945 2902 1106 2982 tanquam
1118 2883 1227 2985 depo·

246 2993 348 3080 litum
370 2993 441 3068 suae
460 2991 544 3068 fidei
561 2989 814 3087 concreditum,
839 2995 888 3068 ita
911 2991 1058 3068 studiose
1082 2994 1227 3094 diligen·

244 3100 368 3204 terque
383 3109 535 3193 curavit;
561 3121 602 3178 ut
616 3127 668 3178 ars
686 3125 749 3203 per
764 3123 818 3179 tot
833 3103 969 3204 gradus,
987 3128 1074 3207 quot
1092 3126 1227 3206 gentes,

243 3213 421 3292 ascendere
437 3217 479 3290 ad
494 3216 634 3291 culmen
648 3214 836 3310 videretur,
860 3215 943 3294 cirm
958 3218 979 3294 a
993 3219 1171 3297 Germano
1186 3218 1227 3294 ad

244 3326 403 3432 Belgam,
425 3323 564 3430 aiBelga
578 3326 624 3402 ad
639 3327 704 3402 hos
722 3327 870 3406 celebres
882 3330 1003 3411 Gallos
1025 3325 1192 3409 tranliret.

661 3485 795 3766 ilffill

1019 3773 1228 3864 vrTA
