2650 4444
222 161 315 290 158
377 157 497 262 Vita
519 161 738 256 AEorurr
771 161 1051 259 Monrttr.

214 351 409 436 queramur.
458 327 553 402 Inter
569 326 767 426 prophanos
793 331 852 420 (en
865 349 973 400 unum
992 325 1090 402 instar
1101 327 1194 402 mul·

214 440 387 530 titudinis)
401 436 622 512 Aristotelem
638 432 927 536 philosophorum
944 438 1133 538 principem
1150 438 1195 511 li·

214 552 275 626 mal
288 548 347 624 sua
371 544 628 646 typographica
648 542 755 619 rursus
775 545 982 644 perpolivit:
1010 545 1037 620 sa
1059 543 1196 622 veroin

212 657 323 733 sacros
338 655 519 756 scriptores
543 654 759 729 intendamus
774 655 907 747 oculos,
931 655 969 730 dc
989 675 1127 755 tempus
1147 657 1194 732 la-

212 770 299 846 bore
313 768 509 862 metiamur,
533 764 626 839 nulla
641 765 785 838 omnino
805 767 937 867 poterit
950 789 1038 844 curn
1062 766 1136 842 hbe
1153 770 1194 844 il·

213 881 279 957 lius
294 879 410 956 haberi
429 878 624 980 proportio.

263 988 498 1064 Morellorum
518 985 651 1062 familia
664 985 735 1060 hoc
751 1011 888 1078 munus,
911 983 1003 1088 quali
1027 985 1091 1063 fibi
1116 1014 1196 1090 pro·

211 1101 342 1204 prium,
366 1097 540 1200 suscepisse
554 1097 622 1174 visa
632 1097 694 1190 est,
718 1119 758 1174 ut
774 1097 911 1174 edendis
930 1096 1123 1187 sandiorum
1138 1125 1196 1201 pa·

213 1235 310 1290 trum
331 1211 494 1318 operibus
521 1211 618 1287 suum
648 1210 795 1311 praelum
825 1232 976 1287 vacaret:
1003 1215 1072 1313 qul
1102 1207 1197 1286 certd

214 1329 319 1404 causa
343 1349 416 1403 non
446 1323 558 1400 solum
583 1324 845 1452 theologorum,
876 1324 933 1398 sed
961 1323 1199 1449 &quotquot

216 1439 348 1520 Christi
368 1443 508 1518 nornine
532 1436 697 1540 gaudent,
720 1441 879 1511 omnium
903 1437 1026 1536 gratias
1051 1437 1198 1510 immor·

216 1557 300 1632 tales
317 1573 528 1630 meruerunt.
577 1550 741 1652 AEgidius
756 1573 895 1651 quoque
905 1546 1058 1640 laudum,
1074 1547 1200 1649 quibus

215 1667 266 1742 sui
282 1687 381 1742 antea
395 1669 540 1766 majores
560 1665 800 1752 inclaruerunt,
826 1660 865 1735 δι
888 1658 957 1759 ipse
977 1663 1201 1740 vehementer

216 1777 384 1869 inhiabat,
408 1777 559 1874 vestigiis
577 1774 743 1866 infistens‚
768 1771 965 1846 ²Ifidorum
978 1774 1200 1866 Pelufiotam‚

214 1892 233 1944 ¹³
250 1889 465 1989 Gregoriurn
479 1885 691 1986 Nyffenum‚
713 1883 751 1958 &
764 1889 899 1979 (utuno
914 1884 1032 1960 labore
1044 1885 1201 1982 cundlos,

215 2005 276 2105 qui
304 2001 366 2078 fibi
388 2002 609 2102 praeiverant,
630 1995 799 2085 vinceret)
826 2019 988 2094 magnam
1005 2015 1143 2096 patrum
1162 2003 1200 2078 δι

214 2114 424 2214 scriptorum
439 2107 746 2186 ecclefiasticorum
763 2106 1015 2183 bibliothecam
1034 2111 1158 2188 emilie.

265 2226 409 2326 Ingenti
433 2221 508 2298 hdc
526 2221 644 2298 labore
673 2216 757 2294 ciam
782 2217 964 2294 defundtus
992 2219 1118 2316 fuiffet,
1148 2225 1201 2298 in·

216 2335 412 2415 strumentis
448 2332 608 2410 omnibus
632 2329 893 2434 typographicis
919 2331 1076 2406 Simeoni
1096 2331 1201 2434 Piget

216 2457 336 2576 (quem
352 2443 566 2548 aliquandoc
585 2442 717 2518 socium
733 2440 911 2532 habuerat)
937 2443 1138 2537 venditis,
1123 2445 1202 2516 ali·

211 2563 294 2638 teris
310 2557 353 2638 ad
383 2559 499 2660 legem
522 2555 717 2630 tranfiens
708 2572 798 2626 mter
824 2549 1069 2656 dconscriptos
1093 2555 1201 2630 curiae

215 2667 406 2748 comitatus
420 2667 555 2746 affcclas
573 2665 692 2742 locum
712 2663 877 2738 obtinuit.

258 2835 366 2905 eggid
386 2835 478 2890 Μοςςι
500 2832 524 2882 ι’»
541 2828 630 2893 fuid
647 2833 735 2878 imm
750 2827 1202 2896 &gevemer-ceramum.

214 2913 384 2964 ...nihil
400 2912 605 2962 erudiria—
616 2908 738 2974 acceptius
750 2905 805 2956 fore
826 2904 940 2970 judicavi,
956 2905 1063 2972 quirnfi
1079 2924 1201 2978 magnam

214 3004 313 3058 patrum
336 2993 363 3044 δι
387 2985 532 3056 scriptorum
548 2984 765 3039 ecclefiatiirerum
781 2983 956 3035 bibliothecam
972 2985 1035 3052 typis
1053 2986 1200 3040 mandarem

216 3067 386 3132 -huinl’ee
397 3067 490 3118 laboris
501 3067 622 3136 primitias
637 3063 685 3115 tibi
695 3061 949 3116 dieo—llidonaoa
959 3063 1115 3125 reiufioram,
1126 3083 1201 3136 quem

214 3145 307 3203 idcireo
319 3145 425 3210 primunr
442 3147 557 3196 omniunt
569 3143 666 3213 prodire
680 3142 757 3200 volui,
772 3137 839 3208 qubd
855 3157 913 3194 eum
929 3143 1059 3196 authorem
1070 3161 1118 3212 pra
1129 3162 1201 3198 cate.
1315 3171 1316 3176 ,

214 3224 249 3277 aia
260 3217 369 3273 maxime
383 3217 413 3269 ab
425 3221 541 3272 omnibus
553 3222 636 3288 expeti
644 3219 813 3288 cognoverim.
865 3216 876 3250 ⁵
891 3227 963 3271 Hunc
975 3235 1047 3273 antea
1060 3237 1117 3273 ann.
1131 3235 1200 3284 ¹⁶¹5·

215 3297 263 3353 llaia
274 3298 339 3365 typis
352 3293 467 3347 excusum
477 3299 598 3350 claudiae
611 3299 735 3349 morelius
749 3297 866 3350 federico
875 3301 1018 3350 reomao
1028 3301 1148 3356 cardinali
1158 3302 1203 3352 de·

215 3376 317 3434 dicarit,
333 3387 390 3423 euna
411 3384 513 3438 rogans,
528 3386 555 3424 ut
571 3370 709 3439 Nyss'enum
730 3373 757 3422 in
771 3372 964 3439 locupleriffimae
984 3373 1140 3428 bibliotheca
1158 3374 1202 3428 sue

215 3453 310 3520 potiori
320 3447 514 3520 panecollocer.
549 3451 586 3497 Sic
598 3452 672 3514 urique
690 3447 747 3514 (ait,
764 3449 797 3502 ad
806 3453 858 3516 cias
868 3465 973 3508 nm,
988 3454 1122 3512 febrem,
1137 3454 1200 3504 auu·

214 3527 290 3596 dem)
311 3546 385 3594 magna
404 3526 507 3584 faterier,
520 3524 593 3586 fadaer
604 3526 836 3588 Mesamcastaraer
853 3529 976 3578 minutiis
985 3529 1078 3589 servm
1096 3529 1141 3583 bc.
1162 3533 1203 3582 De

213 3600 394 3663 lacurnam
407 3602 537 3671 aldepriirs
548 3618 605 3672 pag.
620 3616 659 3664 aa,
676 3622 716 3662 aa.
798 3615 808 3638 ‘
826 3610 891 3658 san.
901 3606 972 3658 ruit.
991 3604 1111 3658 obsecrat.
1129 3614 1201 3669 ιαμ.
1314 3659 1315 3672 p

106 3737 108 3740 .
215 3682 228 3716 ⁴
243 3683 332 3734 caille.
340 3699 366 3750 p.
373 3699 429 3748 ²2⁴·
443 3679 542 3738 uicit
554 3683 662 3738 receraia
673 3681 803 3738 waseillea
814 3697 846 3736 aa
856 3681 936 3750 grand
947 3682 1050 3742 causeil.
1158 3737 1161 3742 ,

1053 3779 1201 3876 Nescio,
