2668 4454
287 167 404 270 Vita
438 170 697 262 Aonrnnr
731 162 1009 263 Turnsnr.
1070 199 1134 304 73

160 335 220 410 Tu
236 355 358 410 vatum
373 331 495 424 nodos,
519 351 558 404 tu
569 329 685 428 legum
704 330 891 430 aenigmata
908 329 1020 424 solvis,

157 447 221 518 Tu
238 445 388 544 Sphingi
396 440 632 538 OEdipodem
651 459 687 512 te
698 438 823 526 offers,
840 459 881 513 tu
891 443 1008 538 pervia
1020 440 1139 540 reddis,

157 559 257 652 Qtae
269 555 413 646 salebris,
436 550 579 653 spinisve
591 550 732 625 scatent.
782 551 847 624 Ille
863 553 1118 629 ominedextro

158 664 335 766 Marsyam
351 667 387 737 in
402 685 528 764 arguto
546 660 668 738 canuit
684 666 871 738 certamine
886 665 993 740 vicit:

157 781 219 854 Tu
236 777 357 852 douos
373 801 491 852 omnes
506 773 638 874 superas
660 777 755 847 omni
772 795 844 850 arte
865 777 1003 852 decori.

158 895 264 967 illum
281 891 415 989 Cyrrha
432 892 531 982 colit,
556 888 740 982 Parnaffus,
766 887 910 989 Chrysa,
935 889 1138 993 Therapne,

158 1005 356 1104 Gryneum,
364 1003 543 1095 Tenedos,
551 1001 726 1100 Cynthus,
735 1001 856 1093 Delos,
865 1003 1033 1078 Rhodos:
1051 1023 1087 1079 at
1098 1023 1139 1080 tu

157 1114 344 1192 Percoleris
364 1133 443 1188 toto
459 1113 545 1186 orbe
561 1113 730 1212 frequens,
754 1132 794 1186 tu
811 1115 952 1188 nomine
967 1136 1082 1192 totum

159 1230 292 1306 Orbem
307 1227 442 1326 imples,
466 1227 504 1300 &
523 1225 611 1301 belle
626 1227 670 1300 de
686 1247 766 1302 toto
781 1226 866 1302 orbe
878 1231 1030 1304 mereris.

156 1340 277 1442 Quare
292 1346 425 1416 utinam
441 1341 560 1414 Parcae
576 1345 706 1416 meritis
730 1367 794 1442 pro
810 1339 933 1416 talibus
949 1367 1056 1417 annos

157 1452 250 1526 Tam
268 1453 393 1552 longos
415 1450 481 1524 tibi
500 1475 580 1524 nere
595 1451 718 1541 velint,
741 1449 847 1550 quam
866 1451 973 1550 longa
992 1452 1108 1528 futura
1155 1509 1158 1518 ,

156 1563 263 1639 Fama
282 1583 343 1636 tua
372 1562 434 1651 est,
459 1559 564 1658 quam
592 1559 717 1659 longus
740 1561 866 1653 honos,
899 1561 1003 1660 quim
1030 1564 1140 1664 gloria

308 1675 424 1776 longa.

158 1919 387 1998 Mrcmsns
402 1918 642 1999 Hosurrnn
661 1911 843 2026 ²epistola
857 1914 905 1998 ad
915 1919 1138 2006 Auamma

212 2041 451 2137 Timaeum,
480 2042 556 2148 qua
574 2041 622 2123 de
640 2035 937 2123 adversariorum
956 2039 1053 2129 libro
1064 2041 1141 2131 -fibi

211 2164 260 2246 ab
281 2190 328 2246 eo
354 2162 480 2246 dicato
498 2169 635 2274 gratias
655 2167 742 2274 agit.

237 2366 246 2382 ³
284 2387 403 2462 Eram
422 2387 578 2488 praeclari
606 2387 692 2476 noli,
717 2381 897 2476 Tumebe,
921 2405 1042 2484 putare

321 2503 478 2575 Muneris
506 2499 671 2590 oblitum,
695 2495 790 2600 quod
810 2497 942 2599 semper
962 2503 1000 2578 &
1022 2506 1136 2581 omni-

398 2610 462 2684 bus
477 2611 571 2684 horis

155 2719 350 2798 Contreeio
368 2722 537 2816 manibus,
560 2721 673 2796 morbi
691 2721 840 2798 solamen
862 2726 971 2818 acuti,

156 2836 277 2934 Atque
294 2831 400 2906 libens
414 2853 495 2904 utor
511 2833 571 2906 tali
591 2829 759 2933 tantoque
779 2821 966 2934 magistro:

155 2945 262 3021 Unde
277 2944 395 3044 legens
412 2940 508 3017 disco
523 2963 677 3016 veterum
694 2944 822 3020 secreta
846 2943 1027 3039 librorum,

156 3059 230 3132 Aut
246 3080 373 3132 revoco
389 3057 426 3128 in
442 3073 598 3128 mentem
612 3055 737 3154 longos
757 3053 891 3128 desueta
907 3075 969 3153 per
980 3081 1095 3134 annos.

158 3165 267 3264 Qtod
285 3165 446 3269 fiscripta
457 3170 581 3268 juvant
590 3186 648 3241 tua
665 3191 721 3240 me
733 3184 788 3240 tot
800 3165 952 3266 pondere
961 3192 1075 3245 rerum
1090 3217 1096 3226 -

158 3278 378 3376 Opprcffum,
397 3279 493 3352 tanta
508 3281 666 3352 curarum
679 3277 786 3370 mole,
810 3277 1014 3381 senemque,
1051 3291 1055 3299 “
1081 3271 1084 3280 ’

154 3390 326 3480 Maxima,
351 3389 563 3482 credemihi,
586 3393 727 3489 juvenes
744 3384 900 3488 curisque
914 3389 1056 3477 solutos,

154 3498 315 3572 Maxima
329 3519 490 3572 venturos
507 3500 617 3598 capiet
630 3494 835 3600 quandoque
851 3501 1020 3594 voluptas.

192 3662 300 3715 ‘Micln
325 3659 442 3728 Hospital.
461 3665 570 3714 semron.
595 3667 675 3717 Lutet.
699 3663 764 3731 apud
786 3665 904 3714 Mamers.
925 3651 1041 3712 ratiffon
1062 3671 1130 3719 15⁸5·

152 3748 278 3806 mm
683 3803 716 3875 L
1031 3795 1132 3871 Felix

1319 247 1321 288 i
